3208 4848
179 574 296 654 steph,
316 576 448 639 Lectium
470 584 500 638 et
519 580 653 653 Portum,
678 583 728 652 qui
748 581 888 653 Brodaei,
910 583 1065 656 Anonymi,
1086 584 1304 658 Falhenburgii,

180 672 313 733 Neandri
333 677 374 745 (in
387 679 491 747 marg.)
505 681 536 733 et
546 675 631 734 Ubeli
645 677 839 734 coniecturam
863 673 982 752 δήθυνεν
1003 671 1141 752 Ἐέήυάταο
1160 675 1227 755 παρ’
1252 676 1303 758 dp-

180 768 251 832 θαις
275 775 457 841 receperunt.
497 766 680 838 Duosqueius
704 765 810 844 δήθυνε
834 764 897 824 ποτ’
927 766 1066 845 Εὐρώταο
1090 767 1159 846 παρ’
1188 767 1303 850 ὄχθαις,

183 855 302 934 Lennep
328 861 470 935 probante
495 860 629 918 Harlesio
655 861 755 918 melius
781 858 886 938 δήθυνε
912 858 979 939 παρ’
1005 859 1143 940 Εὐρώταο
1165 864 1304 943 ῥεέθροις

185 955 315 1012 coniecit.
356 954 388 1012 M
409 954 475 1012 libri
499 953 651 1012 lectionem
677 962 850 1028 receperunt
873 955 990 1014 Bekker
1015 962 1045 1015 et
1070 958 1172 1016 Iulien.
1212 960 1304 1021 Lehrs

181 1047 379 1106 Hermaunnm
392 1065 420 1120 p.
436 1055 471 1105 21
488 1052 603 1106 secutus
617 1065 669 1120 pro
691 1045 735 1105 ὑπ’
760 1045 806 1106 ἐπ’
832 1050 932 1125 edidit,
956 1053 1034 1110 ueius
1050 1058 1080 1110 et
1095 1052 1166 1129 ὑπὲρ
1181 1060 1211 1112 et
1224 1053 1306 1132 παρὰ

105 1151 118 1157 “’
183 1139 337 1214 explicatio
364 1148 415 1201 est.
456 1145 518 1202 Nec
541 1143 673 1216 proiecto
698 1153 766 1218 apte
787 1147 844 1205 dioi
868 1148 963 1221 potuit
988 1149 1040 1208 sub
1066 1151 1150 1209 undis
1174 1150 1304 1221 Eurotae
1359 1203 1361 1206 ,

184 1238 292 1296 morari
311 1237 449 1296 Helena«
485 1238 597 1296 Herm.
628 1240 765 1300 Probavit
783 1243 838 1301 hoc
861 1243 1018 1302 Schneider
1037 1263 1065 1317 p.
1087 1252 1143 1305 446
1165 1250 1195 1303 et
1214 1244 1304 1304 Tour·

184 1331 248 1388 nier
265 1334 296 1402 p.
318 1338 369 1403 42,
395 1334 443 1404 qui
467 1341 620 1406 praeterea
640 1334 773 1413 οἰχομένη
798 1334 919 1416 δήθυνεν
944 1339 1066 1397 coniecit
1090 1340 1194 1399 collato
1215 1357 1240 1397 v.
1268 1340 1303 1400 at

183 1419 325 1509 ἐρχομένη
339 1422 459 1505 δήθυνεν
473 1423 507 1492 ἐς
523 1424 613 1484 ἄλσεα
629 1426 808 1506 Κενταύροιο.
829 1464 864 1472 -
884 1429 949 1490 242
967 1435 1031 1488 τοῖα
1044 1430 1078 1489 δε
1090 1433 1131 1503 Μ,
1153 1431 1250 1489 τοιάδε
1265 1434 1303 1505 Q3

181 1519 264 1580 ἔνεπε
280 1523 319 1596 (ή;
342 1555 373 1565 -
397 1520 458 1582 343
479 1519 554 1577 οέδεν
570 1521 611 1592 M,
631 1518 708 1580 οἶδεν
728 1523 910 1596 ACLNQR
931 1532 961 1583 et
981 1526 1046 1584 edd.
1068 1527 1173 1585 iudea
1194 1527 1303 1601 Steph,

178 1612 256 1673 εἶδεν
276 1617 414 1690 PSVW,
435 1617 500 1683 Ald.
521 1635 552 1690 ο;
575 1652 607 1659 -
630 1635 700 1694 ορος
718 1618 760 1689 Μ,
781 1615 851 1692 όρος
870 1619 934 1675 rell.
956 1618 1038 1678 codd.
1061 1624 1091 1677 eb
1111 1619 1193 1692 edd,
1211 1619 1303 1698 χόρον

178 1711 253 1768 coni.
282 1710 440 1770 Schneider
464 1729 492 1784 p.
513 1719 585 1784 446,
612 1713 679 1784 quia
706 1713 768 1771 nhis
794 1712 888 1770 uerbis
913 1712 1069 1771 Hermione
1093 1712 1202 1772 refutat
1227 1714 1303 1785 quod

177 1819 282 1861 servae
303 1806 468 1876 suspicatae
489 1812 580 1876 erant,
601 1807 707 1864 morari
722 1806 862 1863 Helenam
882 1805 957 1876 quod
973 1807 1009 1862 ad
1024 1807 1175 1864 mulierum
1189 1813 1302 1866 coetum

175 1912 268 1968 quum
287 1899 423 1970 venisset,
444 1915 461 1955 a
481 1900 528 1955 uia
549 1898 686 1956 aberrans
707 1899 744 1956 ad
764 1904 879 1971 pratum
900 1906 950 1957 aut
971 1900 1110 1959 Eurotam
1131 1901 1236 1960 flumen
1256 1919 1304 1960 ve·

177 1990 288 2059 nisset,
312 1992 408 2062 ibique
432 1993 584 2050 resisteret
607 1994 717 2050 incerta
738 1994 857 2050 viarum.
898 1995 1002 2064 quain
1023 2011 1055 2052 re
1076 1994 1208 2052 iniuriam
1229 1996 1304 2054 Her·

180 2085 279 2142 mione
300 2084 410 2144 iaceret
429 2087 610 2158 mulieribuS,
636 2087 661 2144 si
681 2088 741 2144 alia
765 2089 927 2144 nominaret
946 2087 1012 2146 loca
1031 2094 1119 2159 atque
1141 2104 1215 2158 quae
1235 2089 1303 2147 illae

183 2176 323 2237 dixerant.
354 2181 435 2252 atqui
455 2178 524 2237 facit
544 2180 599 2238 hoc
618 2177 688 2254 όρυς
706 2196 876 2251 memorans,
897 2181 977 2237 ouius
996 2181 1026 2237 in
1045 2181 1159 2238 illarum
1172 2182 1302 2240 oratione

178 2287 238 2331 non
258 2270 336 2329 facta
357 2278 421 2329 erat
440 2272 556 2329 mentio.
594 2288 661 2329 nam
682 2288 717 2328 ea
737 2288 806 2329 voce
827 2269 983 2342 significari
1004 2271 1138 2346 νυμφάων
1158 2269 1302 2348 δμήμυριν,

181 2366 278 2433 cuius,
304 2371 336 2423 ut
355 2381 429 2423 nunc
449 2382 496 2422 res
518 2370 575 2435 est,
601 2366 631 2421 in
657 2363 856 2436 respondendo
885 2365 1025 2422 rationem
1045 2381 1102 2422 non
1121 2364 1210 2422 habet
1229 2365 1303 2423 Her-

183 2462 287 2533 mione,
308 2477 390 2519 nemo
410 2459 495 2518 facile
516 2460 629 2517 dixerit.
664 2461 762 2530 itaque
782 2475 867 2529 quum
889 2455 960 2531 όρος
972 2458 1065 2516 locum
1079 2459 1154 2515 tueri
1167 2464 1303 2531 nequeat,

183 2552 319 2630 ,ὁμήγυρις
340 2560 436 2612 autem
457 2553 584 2625 postulet
597 2552 673 2623 quod
688 2551 743 2609 sibi
762 2550 948 2623 respondeat,
971 2549 1133 2609 Colluthum
1153 2551 1303 2624 scripsisse

179 2649 314 2720 suspicor
334 2643 394 2703 οἶδε
411 2645 504 2723 χορά
511 2666 537 2717 ν,
558 2645 692 2719 ποταμῶν
712 2641 784 2721 ἐδάή
795 2641 876 2720 ῥόον,
897 2648 930 2700 ut
947 2641 1041 2721 χορός
1055 2644 1197 2717 significet
1210 2647 1303 2705 locum
1388 2661 1395 2672 ·

176 2741 293 2800 choreis
314 2740 498 2798 destinatum.
538 2754 605 2796 narn
629 2737 765 2815 δμήμυρις
787 2739 844 2795 ista
869 2737 1020 2793 mulierum
1046 2753 1186 2808 quaenam
1210 2741 1304 2811 possit

184 2850 249 2891 esse
269 2834 324 2891 nisi
345 2840 584 2906 congregatarum
604 2831 642 2889 ad
663 2831 747 2889 deum
764 2831 888 2900 aliquem
909 2828 1050 2886 choreis
1072 2829 1302 2889 celebrandum«

178 2925 380 2986 Schneider
408 2945 435 3002 p,
456 2934 521 2985 446.
562 2925 708 2982 Audacius
729 2924 871 2982 Tournier
894 2939 922 2994 p.
944 2928 989 2982 42.
1012 2929 1048 2981 43
1074 2919 1134 2979 οἵδε
1157 2920 1228 3000 ῥόον
1255 2943 1304 2980 πο-

177 3019 272 3089 ταμοῦ
293 3019 341 3076 καὶ
360 3018 492 3097 ὁμήγυριν
512 3019 649 3088 coniecit3
670 3014 731 3074 οἶδὲ
751 3017 792 3089 Μ,
813 3011 875 3071 οἶδε
894 3014 1043 3089 AGLNQ
1065 3021 1094 3073 et
1115 3016 1180 3074 edd.
1201 3017 1267 3076 inde
1288 3035 1306 3077 a

182 3116 288 3188 Steph,
309 3112 384 3172 οἶδεν
398 3117 434 3186 R,
454 3111 514 3171 εἶδε
533 3115 670 3188 PSVW,
690 3114 757 3174 Ald.
771 3133 803 3186 a3
817 3147 855 3156 -
868 3112 932 3171 344
945 3109 979 3178 ἐς
989 3109 1079 3189 ῥόδον
1097 3111 1180 3169 codd.
1196 3118 1226 3170 et
1239 3112 1305 3171 edd.

183 3225 288 3267 omnes.
318 3209 438 3283 Lennep
459 3208 626 3267 dubitanter
645 3205 678 3274 ἐς
698 3207 804 3283 δρόμον
825 3208 948 3266 coniecit
967 3206 1072 3267 collato
1086 3205 1240 3263 Theocrito
1261 3206 1305 3263 Id.

181 3303 278 3361 XVIII
297 3321 322 3361 v.
339 3297 485 3379 39Ἅμμες
505 3301 531 3358 δ’
556 3300 590 3367 ἐς
603 3301 708 3379 δρόμον
722 3297 768 3379 ήρι
783 3300 831 3358 καὶ
844 3296 880 3365 ἐς
894 3296 1027 3375 leporio
1046 3295 1139 3373 φύλλα
1147 3294 1307 3373 Ἔρψοῦμες

182 3393 335 3472 στεφάνως
360 3393 548 3472 δρεψεόμενοι
567 3393 621 3452 ἁδὺ
640 3393 792 3466 πνέοντας;
818 3391 924 3469 δρόμον
949 3397 1046 3450 antem
1066 3390 1193 3447 stadium
1213 3406 1305 3465 prope

183 3489 220 3547 ad
233 3489 361 3547 Menelai
374 3490 483 3561 regiam
499 3494 674 3547 exstructum
696 3504 761 3546 esse
781 3487 879 3556 voluit,
901 3484 952 3543 cfr.
974 3484 1011 3543 ad
1025 3501 1051 3540 v.
1067 3490 1122 3541 243
1137 3499 1182 3555 vg.
1215 3482 1305 3541 Grae·

184 3580 237 3638 lius
257 3598 285 3655 p.
307 3588 362 3640 255
382 3578 418 3646 ἐς
438 3579 543 3657 δρόσον
563 3581 665 3638 maluit
685 3580 797 3637 collatis
818 3596 861 3636 vu.
885 3584 950 3636 336.
974 3583 1037 3636 339.
1072 3575 1170 3632 Etiam
1191 3576 1306 3634 Schnei-

185 3673 238 3730 der
257 3690 284 3748 p.
300 3681 355 3733 446
377 3691 412 3732 ex
431 3676 467 3732 iis
483 3690 556 3746 quae
573 3673 610 3731 ad
630 3673 809 3747 superiorem
829 3685 943 3729 uersum
963 3669 1076 3726 dixerat
1096 3667 1250 3742 profectus,
1272 3666 1307 3735 ἐς

183 3766 272 3844 ῥόδον
287 3768 318 3825 in
332 3769 524 3843 suspicionem
538 3768 664 3837 vocavit3
687 3765 781 3837 »quod
801 3780 866 3824 cum
885 3764 964 3838 prati
983 3763 1126 3820 mentione
1147 3764 1308 3822 arctissime

186 3862 415 3933 coniungendam
435 3877 499 3919 esse
512 3866 595 3936 patet
608 3861 658 3932 ita,
679 3864 711 3916 ut
728 3875 779 3933 pro
793 3873 850 3914 una
863 3862 1016 3927 utrumque
1030 3854 1068 3912 sit
1081 3855 1207 3914 notione.
1232 3857 1308 3928 quod

187 3970 271 4013 secus
304 3971 379 4013 nunc
403 3960 456 4013 est.
495 3971 560 4012 nam
586 3954 611 4012 si
635 3954 698 4025 quis
729 3951 836 4010 obiciat
860 3957 976 4024 poetam
999 3947 1092 4022 figura
1116 3966 1198 4008 usum
1223 3966 1309 4022 quam

185 4046 285 4105 dicunt
305 4043 336 4105 ἓν
356 4046 404 4105 διὰ
423 4047 509 4120 δυοῖν,
530 4047 608 4106 istud
621 4048 754 4122 posuisse
769 4063 822 4121 pro
841 4041 877 4110 ἐς
894 4040 1037 4121 ῥοδόεντα
1058 4043 1189 4118 λειμῶνα,
1211 4045 1237 4102 ei
1258 4045 1308 4104 do-

181 4139 393 4217 cendumuerit,
421 4140 497 4212 quod
521 4157 623 4200 vereor
647 4157 684 4198 ne
710 4140 808 4199 doceri
829 4144 969 4211 nequeat,
995 4139 1024 4195 in
1045 4155 1082 4196 ea
1101 4137 1194 4211 figura
1215 4137 1308 4194 careri
