3208 4848
681 384 894 469 ..33-

223 564 342 627 Nounus
364 576 409 642 16,
423 577 481 630 898
502 570 551 627 καὶ
570 569 676 649 δρόμον
697 566 886 628 ἐννεάκυκλον
907 566 1104 628 ἐπιστώσαντο
1121 567 1240 648 σελήνης
1253 574 1283 628 et
1297 575 1343 643 41,

227 668 281 721 158
296 660 345 718 καὶ
358 661 466 739 δρόμον
479 660 670 721 ἐννεάκυκλον
683 660 872 741 ἀναπλήσασα
886 662 1008 742 σελήνης
1019 663 1155 723 laudatus
1170 662 1344 725 aBekkero.

223 786 264 798 -
282 753 343 813 216
364 754 437 812 ενθα
455 756 502 829 Μ,
523 755 728 835 διαστεήουσοι
741 758 783 829 M,
802 758 831 814 A
850 762 918 815 ante
938 773 1022 829 corr,
1044 758 1082 828 Q3
1103 760 1133 815 et
1153 757 1195 815 sic
1214 772 1345 816 correxe-

225 853 292 906 runt
311 848 430 907 Dorvill.
453 854 483 907 ct
497 849 630 922 Leuuep3
652 847 841 929 διαστίχουσα
860 850 924 911 rell.
944 850 1028 909 codd.
1051 856 1082 908 et
1101 848 1167 908 edd.
1188 856 1256 909 ante
1269 850 1345 909 Len-

224 943 352 1014 nepium3
379 939 492 1018 κινύρεο
518 959 553 1001 ex
572 943 606 1001 M
630 942 749 1001 Bekker
774 947 805 1001 et
828 943 891 1001 rell.
915 949 983 1016 posi
1008 959 1074 1001 euru
1098 942 1179 1016 edil,
1207 939 1345 1020 κινύρετο,

224 1033 299 1104 quod
324 1034 438 1108 recepit
461 1036 597 1109 Leuuep,
619 1036 701 1095 codd.
727 1035 798 1094 dett.
824 1040 941 1108 praeter
962 1035 1002 1109 G,
1027 1035 1165 1107 quicum
1193 1034 1258 1094 edd.
1279 1041 1346 1096 anto

224 1125 402 1201 Lennepium
428 1129 517 1188 habet
542 1127 683 1206 κινύρατο.
711 1160 742 1173 -
772 1127 856 1204 φυλίς
882 1134 949 1188 ante
974 1144 1060 1187 corre
1075 1128 1107 1198 S;
1138 1122 1212 1204 ἀκρί
1231 1148 1280 1207 την
1303 1130 1345 1202 Μ,

225 1217 341 1298 ήοοίπην
361 1223 388 1280 R
409 1228 439 1281 et
457 1221 524 1282 iort.
544 1225 586 1295 N3
607 1219 716 1280 ἀκοίτιν
737 1222 803 1281 edd.
828 1223 927 1296 antiq,
947 1238 1021 1282 corr.
1043 1222 1130 1280 etiam
1145 1221 1288 1282 Perdrier.
1310 1254 1346 1265 -

227 1312 285 1373 21⁷
306 1313 479 1393 δεχνυμένην
498 1317 544 1388 Μ,
572 1314 728 1395 δεχνυμένη
752 1332 788 1374 ex
807 1316 963 1388 Anonymi,
983 1314 1111 1374 Brodaei
1135 1320 1236 1373 elsua
1256 1315 1347 1388 ipsius

227 1409 393 1468 coniectura
401 1407 804 1488 recepitLeunep30’z1vupe'op
814 1409 967 1470 relicodd.
975 1414 1005 1468 et
1014 1414 1081 1467 ante
1091 1408 1271 1481 Lennepium
1280 1408 1346 1468 edd.

227 1531 262 1542 —
284 1521 413 1578 οπημονα
426 1505 472 1576 Μ,
496 1504 623 1577 »Phyllis
645 1520 751 1577 cupere
771 1503 873 1562 debuit
887 1505 1020 1562 maritum
1041 1495 1168 1577 ἀπήμονα
1186 1501 1346 1561 rediturum

226 1611 299 1665 esse,
320 1597 373 1654 sed
394 1613 457 1655 cum
477 1599 661 1657 nihilominus
682 1597 771 1656 etiam
783 1613 840 1655 nou
853 1592 968 1673 ἀπήμων
982 1595 1079 1654 redire
1093 1595 1230 1667 potuerit,
1250 1595 1347 1653 malim

225 1686 367 1766 ἀγήνορα(
390 1690 532 1749 Teurnier
551 1709 580 1765 p.
602 1699 647 1751 28.
671 1724 704 1733 —
727 1688 786 1748 218
806 1687 912 1746 οππότε
931 1689 978 1760 Μ,
1001 1686 1140 1765 αθηναίης
1158 1687 1205 1761 Μ;
1225 1707 1281 1744 απο
1300 1687 1348 1759 Μ;

227 1779 322 1857 δήμων
343 1803 387 1859 γρ.
406 1803 463 1858 μου
483 1791 515 1843 ut
534 1784 649 1843 videtur
666 1784 689 1843 G
709 1790 776 1842 ante
796 1801 879 1854 corr,
899 1779 989 1859 δήμου
1009 1782 1044 1855 G,
1064 1779 1161 1858 δήμων
1180 1781 1242 1840 rell.
1263 1779 1347 1840 codd.

228 1882 258 1933 et
278 1875 344 1934 edd.
365 1884 484 1949 praeter
497 1877 617 1937 Portum
632 1884 661 1936 et
680 1878 831 1949 lulianum,
852 1877 901 1948 qui
921 1873 1011 1954 δήμου
1031 1891 1067 1934 ex
1081 1875 1163 1935 Porti
1183 1865 1348 1935 coniectura

227 1969 408 2042 aLeunepio
421 1971 585 2043 improbata
598 1973 784 2044 scripserunt.
811 1971 920 2042 Quibus
934 1970 1087 2029 obsecutus
1108 1986 1179 2042 sum,
1203 1985 1268 2027 cum
1288 1969 1348 2027 rul-

228 2071 298 2132 gata
317 2064 462 2136 scriptura
485 2065 587 2136 opicae
607 2065 746 2123 orationis
769 2080 827 2120 non
852 2079 916 2122 esse
940 2063 1009 2121 mihi
1033 2064 1095 2122 risa
1120 2064 1167 2121 sit.
1203 2056 1349 2139 Ἀθηναίης

227 2152 282 2211 ἀπὸ
303 2153 400 2233 δήμων
422 2174 458 2216 ex
478 2159 576 2229 glossa
590 2153 717 2235 Ἀθήναις
737 2155 899 2234 ἀποδημῶν,
919 2172 994 2228 quae
1013 2171 1111 2214 veram
1130 2156 1295 2214 lectionem:
1315 2154 1349 2221 ἐς

225 2242 338 2305 Ἀτθίδα
358 2253 438 2325 γαῖαν
461 2248 595 2307 ἀπελθὼν
617 2251 773 2323 expulerit,
799 2251 871 2308 mire
891 2248 1017 2308 credidit
1035 2249 1177 2307 Toumier
1194 2266 1223 2322 p.
1245 2257 1290 2308 28.
1310 2282 1346 2292 —

228 2339 288 2400 219
314 2343 357 2398 τῶ
382 2343 427 2414 Μ;
451 2341 650 2419 βαθυκλήροις
675 2344 714 2415 Q;
743 2338 940 2418 βαθυκλήροιο
965 2342 994 2397 in
1019 2341 1210 2413 suspicionem
1234 2344 1347 2402 vocavit

227 2435 368 2495 Touraier
387 2453 415 2509 p.
436 2445 481 2509 80,
502 2438 552 2508 qui
571 2437 664 2495 locum
689 2453 725 2494 ex
744 2436 839 2494 Nonni
859 2436 944 2494 Dion.
963 2435 1048 2508 XIII,
1069 2436 1105 2494 70
1130 2436 1237 2508 corrigi
1260 2451 1346 2509 posse

229 2528 373 2601 opinatur,
389 2530 437 2588 ubi
453 2530 502 2588 alii
513 2528 727 2606 βαθοκνήμους,
747 2531 797 2589 alii
810 2526 1035 2609 βαθυκρήμνους
1047 2528 1209 2603 ediderunt,
1227 2546 1346 2602 quorum

226 2621 305 2692 prius
321 2627 402 2680 exiet
416 2622 446 2679 in
464 2623 573 2695 optimo
584 2622 685 2683 codice
695 2623 901 2682 Laurentiano.
920 2620 1133 2700 διαχθονοςΜ;
1144 2622 1295 2701 αἰμονίηων
1304 2625 1345 2695 Μ,

227 2710 378 2791 αἷμονιήων
393 2714 456 2788 ΟΒ,
473 2714 645 2795 αι’μονιήσων
660 2717 693 2790 Ρ,
707 2714 865 2794 ἐμμονιήων
877 2718 913 2787 Α,
927 2713 1089 2795 ἐμμονιήως
1102 2719 1134 2789 Q.
1166 2717 1236 2777 (lum
1248 2717 1348 2797 Ἆχαιλς

227 2809 293 2883 γαῖα
302 2825 360 2867 non
373 2808 562 2877 Thessaliam,
572 2809 625 2868 sed
634 2815 725 2868 totam
732 2810 884 2868 Graeciam
895 2808 1045 2882 significet,
1058 2825 1173 2867 »verum
1184 2827 1241 2870 uon
1250 2819 1347 2885 potest

227 2901 383 2973 essequod
396 2919 420 2959 ν.
429 2903 599 2975 nlsslegitur
608 2901 656 2959 διὰ
663 2899 775 2980 χθονὸς
781 2900 944 2980 Αἱμονιήων.
953 2890 1019 2961 nam
1030 2903 1277 2975 perHaemoniam
1286 2908 1346 2967 sive

225 2992 406 3053 Thessaliam
426 2995 570 3056 Graeciae
590 2996 676 3056 urbes
696 3012 838 3070 apparere
851 2996 951 3055 Paridi
971 3012 1027 3056 non
1046 3003 1213 3070 potuerunt.
1234 3000 1347 3060 accedit

226 3087 303 3157 quod
324 3085 372 3144 διὰ
388 3085 502 3165 χθονὸς
521 3088 579 3146 dici
599 3106 656 3148 nou
676 3092 772 3163 potuit
790 3080 846 3149 uisi
872 3090 972 3151 addito
996 3093 1166 3166 participio,
1192 3095 1278 3166 quale
1303 3101 1348 3156 esi

225 3175 411 3258 πορευομένῳ
431 3182 478 3239 vel
496 3180 676 3259 πορευθέντι,
699 3200 870 3256 quamquam
890 3186 936 3243 vel
956 3186 998 3244 sio
1014 3186 1123 3258 aliquid
1136 3193 1263 3247 restaret
1275 3189 1348 3249 diffi-

227 3273 358 3343 cultatis,
385 3273 461 3345 quod
482 3274 565 3332 Paris
592 3281 711 3347 praeter
735 3293 816 3336 oram
835 3277 1003 3337 Thessaliae
1022 3281 1181 3354 navigavit,
1205 3298 1263 3341 non
1281 3300 1347 3357 pro·

227 3364 320 3424 iectus
347 3374 391 3425 est
416 3384 470 3440 per
496 3368 684 3430 Thessaliam.
724 3371 785 3429 Has
813 3377 911 3429 autem
936 3371 1121 3431 difficultates
1147 3374 1245 3432 statim
1269 3377 1348 3436 vide-

225 3457 319 3517 bimus
345 3469 487 3535 remotas,
513 3463 562 3521 ubi
588 3464 631 3521 ita
656 3464 868 3536 scripserimus:
902 3463 985 3543 δίχα
1012 3463 1124 3543 χθονὸς
1147 3460 1347 3546 Ἠμαθιήων.

227 3550 323 3623 Atque
337 3547 492 3630 Ἠμαθιήων
507 3556 593 3612 etiam
609 3571 643 3614 eo
659 3556 884 3630 commendatur,
902 3558 979 3630 quod
992 3564 1058 3631 post
1071 3558 1223 3618 Thraciam
1239 3563 1276 3630 (v.
1291 3570 1347 3622 212

226 3646 335 3717 -217)
357 3661 414 3704 non
434 3646 532 3704 statim
553 3647 583 3703 in
598 3647 749 3706 Graeciam
770 3649 854 3707 Paris
874 3650 961 3721 venit,
981 3650 1034 3708 sed
1052 3651 1133 3724 prius
1146 3652 1347 3715 Macedoniam

226 3753 292 3796 eum
307 3740 453 3812 attingere
475 3741 610 3813 oportuit.
643 3741 837 3814 Recte-igitur
849 3742 969 3812 dicetur,
990 3749 1138 3816 praeter
1153 3745 1227 3804 hanc
1239 3751 1347 3809 terram

226 3833 396 3904 apparuisse
425 3833 525 3891 Paridi
560 3833 702 3893 Graeciae
732 3835 818 3893 urbes
848 3833 1093 3895 florentissimas«
1147 3837 1348 3902 Schneider

225 3942 254 3998 p.
275 3931 341 3985 417.
381 3927 461 3999 Ego,
482 3943 546 3985 cum
566 3926 636 4005 δίχα
654 3926 766 4006 χθονὸς
781 3925 942 4009 Ἠμοθιήων
961 3929 998 3989 ab
1018 3931 1100 4003 epico
1125 3932 1241 4004 quidem
1260 3942 1348 4009 poeta

225 4018 273 4076 rix
297 4035 350 4091 pro
380 4025 533 4092 praeter
559 4020 759 4080 Macedoniam
791 4022 847 4082 dici
873 4039 959 4096 posse
987 4039 1158 4097 persuasum
1188 4026 1346 4102 habuerim,

227 4112 369 4183 simulque
384 4109 539 4191 Αἱμονιήων
557 4115 603 4171 vel
621 4113 687 4174 ideo
706 4115 844 4175 intactum
858 4117 1058 4188 reliquendum
1077 4115 1166 4178 fuisse
1179 4122 1347 4197 repulerim,

1111 4211 1144 4263 61
