3210 4836
632 420 846 483 ..29-

172 606 278 681 Popou
287 612 395 681 noster,
415 606 528 668 ielioius
548 624 574 668 ν.
590 615 607 668 3
628 603 670 666 ἐνὶ
689 606 855 668 defendens.
887 608 919 668 Si
932 613 1085 680 utrumque
1105 625 1166 669 voc.
1187 626 1297 686 senum,

170 701 295 778 χορείας
314 702 492 776 interpretor
511 702 548 760 de
568 702 640 776 ipsis
660 702 691 760 iu
703 703 758 762 lda
775 709 874 763 monte
894 704 1069 763 saltantibus
1083 704 1144 763 sive
1156 704 1298 778 Nymphis

172 795 233 855 sive
253 794 424 869 virginibus,
445 795 548 868 quibus
563 813 595 855 se
608 795 688 855 fluvii
701 796 852 871 Nymphae
867 796 905 855 ad
919 813 1082 856 communes
1102 796 1295 856 instituendos

172 888 275 948 choros
288 890 419 963 miscent,
433 890 518 961 quasi
531 893 610 948 esset
625 885 743 968 Ἰθοιίρσι
756 921 794 931 -
808 886 850 945 κό
852 910 872 967 ρ
875 908 969 969 ρσιν,
991 896 1050 963 aut,
1065 891 1090 948 si
1110 891 1299 949 masculinum

171 979 330 1056 ferendum,
350 978 477 1040 Ἰθαίοισι
498 1014 533 1024 -—
551 984 761 1062 χορευταῖς.
802 983 850 1042 sio
869 979 1082 1041 ἐπαντέλλεσθε
1101 984 1320 1042 necessarium*

175 1082 230 1135 est.
265 1077 324 1136 Sed
343 1075 363 1134 i.
374 1073 469 1156 χορός
489 1081 519 1135 et
536 1079 652 1155 χορεῖαι
672 1077 719 1134 bio
733 1092 790 1136 uon
804 1078 911 1135 rectius
925 1078 1094 1150 iunguntur,
1115 1092 1201 1148 quam
1221 1094 1246 1134 v.
1262 1083 1299 1135 83

173 1161 318 1245 πλόκαροι
339 1175 369 1229 et
386 1169 482 1249 χαίτη.
515 1170 643 1242 Elegans
662 1171 715 1229 sed
733 1186 790 1230 non
808 1172 892 1229 nimis
910 1171 1062 1244 probabile
1084 1177 1162 1230 esset
1182 1166 1300 1248 ἕσπερον

168 1259 216 1319 Ἰθ.
239 1259 451 1321 ἐπαντέλλεσθε
466 1283 498 1341 χ.
519 1270 553 1322 ut
573 1259 699 1341 ἕσπερος
717 1265 807 1323 habet
827 1263 908 1322 Paul.
928 1265 978 1324 Sil.
993 1281 1038 1338 ep.
1054 1271 1099 1323 25.
1122 1271 1167 1323 28.
1201 1265 1299 1323 Minus

171 1358 270 1431 placet
289 1355 331 1421 εἰς
350 1352 420 1432 ὄρος
440 1373 466 1415 ν.
487 1352 530 1421 ὡς
550 1354 644 1432 κόραι,
666 1363 717 1415 aut
731 1358 756 1415 si
770 1358 834 1429 quis
852 1359 882 1415 in
896 1355 952 1417 fine
972 1374 998 1417 v.
1012 1357 1141 1434 πορείαις
1161 1364 1298 1432 λεηλατεῖ,

172 1451 229 1510 etsi
253 1451 373 1509 Nonnus
397 1450 453 1509 hoo
477 1467 503 1512 v.
523 1449 703 1523 frequentat,
735 1456 765 1510 et
797 1453 839 1510 sic
865 1458 1018 1523 utrumque
1048 1452 1167 1511 verbum
1198 1468 1300 1511 conve-

171 1546 277 1605 niret«.
298 1578 334 1587 —
360 1543 379 1602 5
401 1542 622 1620 θεμιστοπόλοιο
635 1545 677 1604 Μ.
710 1576 744 1587 ·—
778 1544 911 1603 θεθπατέ
930 1563 965 1604 ex
985 1544 1084 1602 εὲπατέ
1102 1546 1135 1603 Μ
1149 1552 1175 1618 2,
1201 1546 1300 1616 quiin

171 1705 262 1762 marg.
275 1687 358 1748 addit
372 1683 489 1760 ἔσπετε;
509 1683 618 1746 ἔσπετέ
629 1689 711 1749 APS
724 1692 779 1763 bo,
794 1685 902 1747 ἕπεστέ
908 1691 943 1764 L,
957 1637 1076 1748 ἔσπετύιι
1085 1693 1122 1762 N,
1137 1707 1210 1750 corr.
1220 1707 1249 1748 m
1262 1697 1297 1764 1.,

172 1779 259 1840 ἐπετέ
272 1783 305 1855 Q,
325 1777 431 1840 ἕσπετε
445 1783 490 1853 W,
513 1776 620 1839 ἔσπετέ
632 1784 695 1842 rell.
710 1783 776 1842 edd.
790 1789 858 1842 ante
873 1783 976 1855 Belus,
998 1785 1048 1855 qui
1062 1781 1160 1841 εἴπατε
1178 1784 1301 1858 recepit,

175 1892 250 1949 »qua
269 1874 362 1936 forma
383 1876 445 1935 sola
470 1876 563 1934 utitur
581 1876 700 1935 Nonnus
725 1881 842 1949 (1,128.
864 1884 890 1950 5,
901 1884 958 1936 459
979 1884 1009 1935 et
1028 1883 1094 1937 460.
1118 1885 1163 1949 13,
1185 1884 1232 1938 46.
1254 1885 1299 1950 16,

173 1973 1300 2045 mmmmmmmmmmmmmmmmm

172 2073 203 2125 et
223 2074 279 2126 200
300 2073 331 2125 et
350 2075 406 2127 336
427 2073 457 2126 et
471 2066 576 2138 337)σ;
596 2064 772 2132 κελαθόντος
785 2066 842 2136 Μ.;
862 2060 910 2122 ἀπ’
935 2061 1083 2141 ὀρνύμεναι
1106 2064 1192 2124 GLR
1212 2062 1300 2141 ἀπορ-

169 2156 293 2270 ρύρεναι
305 2193 347 2268 Μ,
368 2210 441 2254 corr.
456 2194 490 2252 M
503 2201 545 2266 2.,
571 2195 653 2253 »Non
674 2192 790 2254 credam
813 2194 964 2266 scripsisse
989 2199 1106 2266 poetam
1127 2189 1300 2257 κελάδοντος

172 2284 363 2363 ἀπορνύμεναι
380 2289 530 2362 ποταμοῖο.
563 2286 718 2359 Languent
739 2288 814 2346 enim
834 2288 906 2346 baec
927 2285 1026 2355 verba,
1050 2285 1232 2356 debebatque
1247 2285 1301 2344 Oe

170 2382 279 2451 lutbus,
300 2381 326 2438 si
348 2382 498 2453 eleganter
522 2381 648 2439 scribere
667 2381 763 2454 vellet,
784 2381 896 2439 omissis
920 2394 1009 2452 supra
1029 2376 1158 2453 ποταμοῦ
1171 2375 1298 2436 Ξάνθοιο

173 2472 310 2551 γενέθλη,
342 2474 456 2546 dicere,
487 2472 589 2532 adeste
614 2489 632 2532 a
658 2471 759 2545 fluvio,
788 2488 806 2531 a
831 2487 888 2544 quo
914 2472 984 2530 estis
1014 2478 1185 2545 prognatae.
1226 2472 1301 2531 Scri.

172 2569 232 2640 psit
252 2583 331 2640 vero,
1019 2598 1022 2602 ·

377 2675 477 2737 εύτατέ
491 2699 550 2754 μοι,
571 2676 746 2744 κελάδοντος
765 2674 959 2755 ἀπορνύμενος
977 2679 1116 2752 ποταμοῖο

376 2770 414 2842 ἐξ
426 2770 520 2848 ὀρέων
532 2770 623 2829 πόθεν
636 2767 733 2850 ἢλθεν.
762 2773 919 2832 Auctorem
933 2772 1075 2832 hebemus
1090 2773 1185 2845 ipsum
1197 2789 1223 2831 r.
1235 2776 1299 2834 los

171 2899 287 2960 Herm.
308 2919 336 2975 p.
352 2902 369 2960 l
390 2903 471 2961 euius
492 2901 688 2962 coniecturam
702 2901 796 2958 minus
808 2900 1004 2958 necessariam
1018 2899 1134 2972 recepit
1146 2897 1249 2958 Lehrs.
1263 2932 1300 2942 —

171 2991 299 3072 ἦνορέιον
332 2996 387 3066 (sie
416 2996 514 3069 potius
545 3011 630 3067 quam
660 2991 798 3073 ῆωορέινν
832 2992 910 3064 quod
941 2993 1070 3051 enotavit
1105 2991 1232 3062 Pressel)
1258 2992 1300 3071 Μ,

172 3083 209 3156 ἐξ
226 3084 318 3164 ὀρέων
338 3088 401 3146 rell.
415 3087 499 3147 codd.
521 3093 552 3147 et
572 3088 647 3161 edd,
668 3089 698 3146 in
718 3103 776 3159 qua
796 3087 940 3160 scriptura
960 3087 1070 3160 primus
1092 3085 1213 3144 offendit
1225 3085 1301 3146 Len·

171 3198 229 3256 nep
254 3182 329 3249 Ann-
354 3197 384 3255 p.
406 3188 460 3241 106
493 3179 685 3256 »Difficultas
716 3198 790 3255 quae
821 3183 850 3241 in
874 3182 930 3241 hoo
959 3183 1022 3242 loco
1056 3180 1226 3254 explicando
1251 3180 1301 3240 ob·

174 3275 347 3337 versabatur
360 3274 524 3348 aliquando,
544 3276 724 3347 potissimum
743 3277 774 3333 in
794 3275 901 3334 additis
922 3276 1038 3334 vocibus
1058 3270 1096 3343 ἐξ
1112 3271 1209 3352 ὀρέων
1228 3276 1300 3335 resi·

171 3368 236 3441 dst3
265 3372 333 3428 sunt
353 3369 429 3426 enim
448 3368 536 3441 plane
556 3368 652 3427 otiosa
673 3374 703 3427 et
721 3371 819 3428 neseio
840 3374 977 3441 quantam
998 3369 1067 3427 huio
1086 3370 1150 3429 loco
1170 3367 1301 3429 adimunt

172 3467 363 3523 venustatem.
395 3461 545 3521 Brodaeus
567 3460 685 3533 quidem
700 3460 895 3523 dementibus
909 3464 1015 3537 Idaeis,
1036 3463 1087 3522 ubi
1099 3462 1184 3522 Paris
1202 3468 1301 3536 pater,

171 3573 224 3617 nes
244 3571 313 3617 oves
334 3555 468 3627 ducebat,
489 3555 640 3628 intelligit:
664 3572 749 3628 quam
768 3558 1041 3632 interpretationem
1062 3562 1093 3616 et
1114 3572 1168 3629 ego
1188 3556 1218 3616 in
1238 3573 1301 3617 ver,

173 3651 255 3710 sione
274 3650 393 3723 agnovi:
419 3647 472 3709 sed
493 3650 540 3709 uel
566 3650 609 3708 sio
628 3648 731 3707 durum
751 3650 821 3709 addi
839 3649 912 3708 illud
931 3648 969 3719 ἐξ
985 3647 1088 3727 ὀρέων.
1132 3650 1204 3710 (lum
1225 3651 1301 3711 enim

174 3743 322 3816 Nymphas
342 3742 478 3817 imploret
496 3746 596 3803 noster
615 3749 648 3801 ut
666 3743 829 3802 indicarent
847 3745 956 3818 locum,
977 3745 1054 3803 unde
1075 3747 1188 3805 venerit
1206 3744 1299 3820 Paris,

172 3836 242 3896 dum
263 3836 302 3895 ad
320 3834 462 3896 Helenam
482 3835 723 3910 proficisceretur,
744 3837 823 3897 nullo
842 3838 929 3899 modo
949 3844 1030 3898 recte
1050 3840 1200 3913 montium,
1220 3855 1256 3898 ao
1275 3838 1301 3898 si

172 3932 232 3992 ism
259 3929 390 4001 cognitus
419 3929 510 4002 foret,
540 3932 648 3992 mentio
672 3932 719 3990 hie
743 3930 784 3991 fit.
823 3931 900 3992 Hinc
931 3933 1057 4007 suspicio
1091 3933 1199 3992 dudum
1230 3933 1301 3993 mihi

173 4025 298 4086 subnata
317 4020 380 4095 fuit,
401 4021 556 4083 Oolutbum
575 4023 692 4086 dedisse
711 4023 837 4104 ἐξερέω,
856 4024 946 4086 πόθεν
965 4021 1052 4104 ἦλθεν
1079 4023 1174 4103 ἀήθεα
1197 4023 1301 4085 πόντον

173 4115 300 4178 ἐλαύνων
313 4157 321 4174 .
336 4159 344 4179 .
358 4158 366 4176 .
379 4115 489 4177 Verum
509 4135 573 4179 eum
592 4137 629 4181 ne
642 4122 685 4180 sic
698 4121 776 4181 omni
789 4121 960 4181 difficultate
972 4124 1073 4182 emeat
1085 4122 1166 4180 loeus
1186 4124 1296 4189 noster,
