3208 4848
656 429 868 491 „73-

192 622 228 675 et
245 617 308 675 rell.
328 620 395 689 post
415 631 480 673 eum
495 613 569 686 edd,
591 609 706 691 ἀρωγήν
726 613 788 671 rell.
803 612 886 672 codd.
902 619 933 672 et
946 613 1010 675 edd.
1041 614 1137 686 Atque
1158 612 1277 693 ἀρωγόν
1291 617 1321 675 in

195 709 386 783 suspicionem
402 709 515 769 vocavit
528 706 639 767 Tiedke
653 708 682 764 in
696 707 804 765 Herma
817 706 886 765 XIII
905 724 933 780 p.
950 716 1015 780 352,
1037 725 1101 768 cum
1114 704 1232 768 Nonnus
1252 727 1321 783 oxy-

197 803 272 861 tonIs
293 804 379 860 trium
400 802 587 875 syllabarum,
613 801 643 858 in
662 801 829 859 trochaeum
849 801 1021 860 exeuntibus
1047 818 1160 860 versum
1186 803 1320 862 claudere

190 911 252 953 non
272 896 310 953 sit
330 896 442 955 solitus.
479 895 586 953 Verum
607 895 682 952 euim
701 910 770 952 vero
791 899 821 952 et
838 895 960 953 Paulum
980 895 1184 969 silentiarium,
1207 903 1236 955 et
1256 896 1320 953 Mu-

191 1005 296 1047 saeum
318 994 348 1047 et
367 989 595 1062 Tryphicdorum
616 988 652 1047 ab
672 972 757 1046 huius
777 989 895 1062 regulae
916 992 1071 1049 severitate
1091 991 1259 1050 discessisse
1279 991 1321 1049 ita

190 1082 329 1154 exposuit
338 1082 401 1154 ipse
412 1081 523 1140 Tiedke
533 1083 552 1138 l.
563 1081 591 1152 l.,
605 1086 638 1139 ut
649 1081 782 1141 Collutho
796 1099 909 1156 quoque
922 1084 997 1143 hanc
1011 1085 1156 1142 licentiam
1170 1086 1320 1157 ignoscere

196 1175 298 1233 merito
312 1176 463 1247 possimus.
475 1207 510 1216 -—
526 1173 582 1233 178
596 1171 629 1232 οὐ
644 1174 689 1232 ool
702 1172 780 1253 ἀρης
789 1177 835 1248 Μ;
850 1176 920 1252 δορυ
931 1178 978 1250 Μ;
992 1195 1035 1236 νν.
1050 1181 1200 1238 llil-182
1214 1180 1243 1236 in
1256 1178 1289 1236 M
1302 1194 1321 1236 a

193 1267 228 1324 M
240 1275 256 1326 3
278 1269 390 1326 exarati
410 1267 551 1338 videntur,
573 1273 603 1326 et
622 1269 665 1326 ita
678 1269 802 1341 quidem,
823 1274 856 1327 ut
869 1270 957 1328 verba
971 1266 1005 1326 oo
1018 1268 1127 1347 φλόγες
1141 1277 1171 1329 et
1184 1268 1230 1327 οἷα
1244 1289 1277 1328 τε
1290 1271 1320 1329 in

197 1361 317 1419 allorum
332 1360 534 1419 vocabulorum
548 1377 652 1419 rasura
665 1362 774 1434 scripta
794 1362 859 1419 sint.
873 1396 908 1405 —
931 1361 987 1421 179
1009 1360 1042 1419 οὐ
1061 1362 1172 1441 φλογὸς
1192 1365 1230 1436 (λς
1251 1361 1320 1441 ἦρέ-

197 1472 276 1510 οτοιο
298 1453 329 1526 0,
349 1450 499 1530 ἠφαίστοιο
520 1454 620 1525 APQ3
641 1450 742 1529 ἄσθμα
755 1454 916 1528 LNPQS,
936 1454 1037 1531 άοθμα
1051 1456 1086 1528 Ο;
1106 1452 1246 1533 ἠμύναντο
1266 1473 1319 1530 pro

186 1544 358 1623 ’Ἡφαίστοιο
378 1564 414 1605 ex
434 1549 530 1620 glossa
548 1547 660 1605 scilicet
678 1553 751 1619 orto,
773 1552 803 1605 et
818 1546 922 1627 λυχεώη
936 1551 1008 1608 coni.
1023 1550 1166 1609 Tournier
1179 1566 1207 1622 p.
1225 1556 1270 1609 26.
1285 1582 1316 1590 -

198 1637 258 1698 180
279 1657 397 1713 comma,
418 1640 493 1713 quod
508 1641 627 1713 Lennep
648 1645 764 1698 secutus
784 1656 802 1697 a
822 1640 966 1714 Helikore,
990 1643 1167 1715 Hermanno,
1187 1643 1318 1715 Lehrsio,

193 1734 372 1793 Schneidero
393 1734 482 1792 tacite
501 1739 568 1806 post
589 1727 751 1810 ἀνεμώλιος
771 1734 949 1804 traduxerat,
972 1735 1066 1794 Iulien
1085 1738 1226 1809 pristinae
1246 1736 1319 1809 sedi,

195 1832 263 1900 post
283 1824 420 1895 κυδιάεις,
440 1827 514 1883 male
530 1827 666 1884 restituit.
698 1827 743 1884 De
758 1843 800 1884 vv.
819 1829 968 1886 180-187
982 1828 1056 1886 haec
1069 1828 1216 1886 Hermann
1229 1847 1257 1902 p.
1274 1836 1318 1889 16.

200 1923 248 1980 17:
277 1920 445 1978 »Beklserus
467 1921 549 1991 signa
570 1920 749 1978 exclamandi
769 1921 867 1994 posuit
886 1926 952 1993 post
971 1917 1123 1998 Ἀτρυτώνη
1143 1926 1174 1979 et
1193 1924 1260 1994 post
1272 1919 1319 1978 πέ-

194 2014 284 2078 πλοις.
325 2015 370 2072 Ea
389 2015 465 2072 ratIo
486 2014 509 2071 si
530 2003 599 2071 vera
619 2019 710 2085 esset,
736 2014 765 2070 in
786 2015 885 2086 quinto
905 2014 1005 2073 horum
1030 2030 1163 2072 versuum
1185 2017 1319 2088 [v.184],

196 2114 293 2166 mente
318 2107 506 2180 repetendum
533 2111 612 2165 esset
638 2105 774 2171 κυδιάεις.
819 2108 943 2165 Attum
969 2114 1048 2165 certe
1078 2114 1144 2180 post
1165 2104 1319 2185 Ἀτρυτώνη

198 2201 309 2274 sIgnum
334 2200 406 2258 illud
431 2217 487 2260 non
512 2206 594 2259 recte
618 2204 784 2273 poneretur.
825 2200 973 2259 Deberent
998 2201 1074 2259 enim
1094 2202 1255 2261 sententiae
1276 2203 1319 2261 ita

194 2294 367 2353 cohaerere:
393 2289 439 2348 οἷα
453 2290 589 2364 κυδιάεις,
611 2290 653 2349 ὅτι
668 2308 703 2349 σε
717 2290 807 2368 γάμος
827 2289 880 2348 οὐκ
900 2287 1043 2367 ἔσπειρεν·
1065 2290 1111 2348 οἷα
1124 2292 1166 2365 δέ,
1187 2291 1231 2350 ὅτι
1248 2294 1319 2372 χαλ·

195 2383 277 2450 κέοις
296 2383 392 2450 ὅπλοις
413 2380 547 2464 καλώπτη.
578 2385 636 2444 Sed
656 2402 692 2443 ne
712 2386 754 2443 sic
774 2385 889 2456 quidem
910 2386 1007 2444 omnia
1025 2392 1105 2444 recte
1119 2386 1318 2459 procederent.

197 2481 299 2551 Neque
315 2480 390 2537 enim
405 2484 473 2551 apte
494 2478 607 2537 adnexa
627 2484 725 2537 essent
744 2479 802 2550 illa,
824 2477 873 2534 καλ
892 2476 1009 2555 φεύγεις
1028 2477 1175 2557 φιλότητα,
1197 2486 1227 2539 et
1246 2497 1320 2552 quae

194 2577 365 2644 sequuntur,
387 2589 461 2645 quae
482 2573 595 2631 omnino
617 2588 667 2629 cur
687 2572 723 2630 ab
744 2573 832 2630 armis
854 2573 959 2644 potius,
981 2589 1066 2644 quam
1088 2573 1124 2632 ab
1138 2574 1251 2645 origine
1265 2575 1321 2632 Mi-

197 2682 305 2724 nervae
326 2665 506 2738 deriventur,
532 2682 587 2724 non
608 2670 739 2738 apparet.
779 2664 859 2724 Nihil
883 2670 984 2738 posset
1007 2666 1194 2739 reprehendi,
1222 2668 1247 2725 si
1266 2685 1319 2741 pro

194 2759 290 2817 altero
317 2756 363 2815 οἷα
390 2759 468 2817 aliud
494 2758 578 2830 quid,
603 2776 629 2816 v.
651 2775 674 2816 c.
696 2753 787 2833 ἀμφί,
813 2760 968 2832 legeretur.
1009 2759 1068 2817 Sed
1093 2776 1178 2831 quum
1205 2762 1320 2821 minime

195 2859 364 2925 suspectum
385 2854 424 2925 sIt
444 2850 505 2926 οἷα,
530 2853 654 2926 positum
676 2860 772 2912 autem
793 2850 849 2911 non
869 2855 962 2926 possit
986 2870 1043 2912 non
1064 2853 1102 2911 ed
1122 2856 1254 2926 superius
1274 2853 1320 2912 οἷο

196 2945 311 3019 relerrI,
330 2948 374 3005 illi
394 2953 490 3006 autem
511 2947 588 3019 quod
608 2947 753 3005 adiectum
773 2953 819 3005 est
838 2943 873 3003 τέ
890 2963 946 3004 που
966 2947 1040 3005 bene
1061 2948 1220 3020 conveniat,
1240 2954 1320 3007 recte

197 3041 269 3100 mihi
293 3040 393 3100 videor
413 3041 555 3113 iudicare,
576 3042 670 3099 alieno
691 3040 754 3099 loco
775 3040 914 3098 intrusum
935 3056 1000 3098 esse
1019 3040 1095 3098 hunc
1114 3057 1236 3100 versum.
1276 3041 1320 3100 Εο

197 3134 264 3193 hinc
284 3135 393 3193 reiecto
414 3137 481 3193 unte
501 3135 623 3207 primum
644 3151 742 3193 eorum
763 3150 835 3206 quos
855 3135 977 3207 apposui
997 3135 1120 3207 [v.180]
1141 3135 1214 3194 bene
1234 3135 1320 3195 habe·

197 3227 241 3287 bit
260 3229 348 3301 lucus,
368 3229 411 3287 its
431 3244 505 3287 nexa
524 3229 671 3287 oratione:

402 3372 449 3430 οἷα
467 3372 510 3445 δὲ,
528 3373 689 3453 χαλκείοισι
709 3369 893 3451 καλυψαμένη
910 3370 989 3451 χρόα
1009 3369 1131 3444 πέπλοις,

402 3466 448 3525 οἷα
467 3464 503 3525 σὺ
523 3465 650 3531 κυδιάεις
669 3463 834 3537 ἀνεμώλιος,
851 3462 1034 3543 Ἀτρυτώνητ.

198 3603 394 3663 Hermaunum
415 3610 531 3662 secutus
556 3608 601 3661 est
620 3602 726 3673 Lehrs3
756 3603 845 3673 male,
871 3607 903 3659 ut
926 3606 1010 3673 patet
1035 3616 1070 3658 ex
1090 3598 1258 3659 Schneideri
1284 3599 1320 3657 de

198 3704 425 3757 vv.180-189
447 3697 657 3770 disputatione,
683 3710 758 3765 quae
778 3710 805 3766 p.
826 3700 891 3752 438.
912 3699 968 3752 439
994 3693 1113 3765 legitur:
1147 3692 1321 3764 »Postquam

198 3790 336 3850 Iunonem
359 3791 454 3850 Venus
476 3790 591 3862 derisit,
617 3788 723 3846 transit
742 3786 779 3845 ad
807 3785 993 3845 deridendam
1013 3786 1189 3857 Minervam,
1214 3786 1244 3843 iu
1264 3801 1320 3857 quo

198 3886 324 3944 mansitu
343 3891 425 3958 patet
447 3883 608 3942 desiderari
632 3881 803 3955 particulam
823 3876 870 3951 δέ,
895 3884 928 3937 ut
947 3875 994 3935 οἷα
1013 3877 1047 3936 δὲ
1073 3878 1256 3937 scribendum
1283 3879 1322 3936 sit

198 3996 224 4038 r.
245 3981 309 4038 119.
337 4011 372 4021 -
400 3994 457 4050 qua
482 3983 578 4036 autem
603 3992 636 4034 re
662 3974 802 4048 glorietur
826 3978 904 4032 recte
934 3972 1050 4044 quidem
1080 3972 1221 4031 intellexit
1248 3972 1321 4030 Her·

200 4088 336 4145 mannus,
361 4071 413 4131 scd
436 4076 516 4130 recte
535 4071 657 4129 inventis
677 4070 721 4128 uti
743 4068 842 4127 noluit.
873 4067 1064 4138 nequeenim
1088 4065 1215 4125 dubilari
1235 4079 1321 4139 posse
