3208 4848
729 420 960 483 -110-

283 605 449 684 μινύθουσιν
469 605 584 664 ὀπωπαί
603 607 669 666 add.
690 605 722 664 M
743 613 759 665 3
785 606 816 662 in
834 605 880 674 Μ;
904 637 935 646 -
958 602 1020 662 336
1040 601 1296 682 ητιχάνομφάωνες
1315 603 1359 673 Μς
1381 598 1420 681 ἦ,

289 700 364 772 quod
385 700 493 758 habent
512 700 611 772 APQ,
638 700 762 759 coniecit
781 698 928 756 Hermann
953 715 981 770 p·
1004 704 1054 771 21,
1078 698 1191 770 recepit
1209 695 1319 762 Labra,
1343 713 1409 769 pro·
1473 708 1477 713 ⁴

186 840 195 860 .
288 795 368 852 bavit
382 794 540 853 Schneider
559 811 587 866 p.
602 800 668 865 446,
689 786 706 869 ἢ
726 792 808 851 codd.
830 798 860 851 et
874 792 939 850 edd.
960 792 1038 863 rell.;
1059 789 1190 867 νυμφέων
1206 790 1228 849 O
1247 797 1313 864 post
1334 807 1407 850 corr.

286 918 323 928 —-
345 885 405 946 337
429 885 532 964 ήλυθεν
556 884 647 962 ὶθειης
672 886 712 942 Μ.
756 885 964 943 »scribendum
990 883 1248 962 παραπλαχχθεῖσα
1272 890 1305 942 ut
1329 887 1410 941 recte

284 980 433 1052 passivum
454 979 579 1038 occurrit
599 997 624 1036 v.
647 986 702 1037 252
723 985 753 1036 et
773 985 847 1037 386«
870 977 989 1036 Graes.
1010 995 1038 1050 p.
1059 985 1129 1047 255,
1155 977 1297 1050 probante
1321 977 1409 1035 etiam
1517 975 1519 979 ’

288 1074 447 1132 Tournerio
468 1090 496 1145 p.
516 1079 561 1145 41,
582 1078 671 1143 recte,
691 1072 760 1130 licet
779 1069 882 1147 κραδίη
903 1069 937 1128 δὲ
956 1069 1180 1147 παραπλάζουσα
1197 1068 1306 1147 μέμηνε
1330 1070 1410 1142 lega·

285 1172 337 1223 tur
363 1165 441 1238 apud
465 1164 601 1224 Nicandr.
630 1164 714 1223 Ther.
740 1182 765 1221 v.
791 1165 855 1223 757.
894 1163 1117 1240 παραπλάζουσα
1143 1161 1232 1240 (παρὰ
1256 1162 1301 1219 αλ.
1328 1162 1410 1233 GN),

286 1258 371 1317 codd.
388 1266 417 1318 et
432 1258 497 1316 edd.
512 1275 618 1318 omncs
637 1291 670 1300 —-
685 1255 746 1316 338
761 1261 873 1314 ἵσταται
886 1256 1066 1336 ασχαλόωσα
1076 1256 1117 1329 Μ,
1131 1255 1234 1314 ἵστατο
1247 1258 1281 1326 Α,
1297 1253 1410 1312 ἵσταται

290 1389 329 1460 Q3
350 1349 528 1463 ἀσχθλόωσα
549 1386 582 1457 Q.
622 1385 752 1445 Alteram
778 1385 948 1442 ancillarum
968 1385 1158 1456 suspicionem
1179 1385 1270 1456 priori
1289 1356 1342 1456 per
1363 1378 1410 1437 καλ

288 1481 423 1554 copulam
443 1479 562 1550 adiungi
581 1495 666 1551 posse
686 1494 794 1549 negans
808 1478 949 1537 Tournier
969 1496 997 1550 p.
1012 1485 1058 1551 41,
1079 1478 1146 1535 dum
1161 1479 1282 1536 meliora
1296 1493 1410 1535 succur-

290 1582 365 1647 rant,
387 1575 508 1631 lacunae
525 1573 607 1644 signa
622 1578 687 1644 post
707 1570 901 1650 ἀσχαλόωσαν
921 1573 1055 1645 ponenda
1075 1590 1139 1631 esse
1159 1573 1325 1630 dubitanter
1345 1587 1410 1630 con·

292 1668 369 1726 iecit,
410 1665 452 1730 εἰς
481 1666 615 1724 dicuntur
642 1666 750 1724 habere
778 1665 842 1724 edd⁴
873 1667 1014 1737 nonnulli3
1043 1667 1173 1744 χειμῶνα
1203 1682 1239 1723 m.
1265 1682 1307 1737 pr.
1333 1665 1363 1721 in
1387 1663 1410 1721 P

289 1768 321 1819 et
335 1760 373 1818 W
387 1765 454 1817 ante
475 1775 562 1829 corr.;
580 1756 727 1833 μυυλοῦσα
743 1757 773 1815 0.
794 1790 831 1798 —
852 1756 912 1815 339
934 1754 1038 1833 ὡράων
1058 1757 1116 1826 (vel
1131 1755 1255 1833 Ὡρόων)
1277 1757 1359 1816 codd.
1382 1763 1412 1815 ct

292 1853 357 1911 edd.
379 1867 486 1922 omnes,
507 1850 584 1921 quod
596 1850 745 1908 Hermann
765 1867 792 1922 p,
809 1856 843 1908 21
866 1867 921 1909 non
938 1851 1009 1908 »nisi
1023 1851 1060 1908 de
1074 1851 1181 1909 celebri
1195 1850 1319 1921 quodam
1334 1849 1411 1923 apud

294 1948 452 2018 Spartanos
478 1950 562 2015 prato
587 1943 731 2001 Horarum
757 1944 870 2016 accipi«
899 1960 983 2015 posse
1009 1943 1095 2015 dixit,
1123 1944 1245 2002 addens:
1282 1943 1350 2001 »De
1377 1959 1411 2001 eo

291 2039 360 2096 mihi
376 2037 491 2109 quidem
507 2036 576 2094 nibil
597 2038 703 2094 lectum
723 2053 815 2108 neque
830 2038 958 2095 auditum
973 2039 1075 2109 opinor
1089 2038 1220 2109 Golutbo,
1235 2037 1312 2109 apud
1326 2052 1411 2108 quem

289 2148 376 2203 quum
398 2129 575 2202 respondeat
594 2130 765 2196 Hermiona,
790 2127 855 2186 ολδα
876 2127 1033 2195 κελεύθους
1052 2127 1086 2194 ἐς
1102 2130 1205 2207 ῥόδον,
1226 2128 1259 2195 ές
1280 2129 1411 2206 λειμῶνα,

291 2224 430 2282 credibile
452 2230 496 2281 est
516 2223 658 2281 excidisse
679 2240 800 2296 versum,
821 2225 850 2280 in
871 2240 927 2295 quo
946 2231 1074 2282 rosetum
1090 2226 1134 2282 vel
1148 2241 1240 2295 rosae,
1262 2239 1412 2284 ornamen-

289 2325 350 2375 tum
365 2319 518 2385 Horarum,
541 2323 779 2375 commemoratae
799 2316 933 2374 luerint«
965 2304 1005 2374 Et
1024 2318 1145 2375 lacunae
1160 2319 1242 2389 signa
1256 2324 1324 2375 ante
1337 2317 1412 2374 hunc

291 2419 406 2469 ‘versum
426 2411 523 2483 posuit
542 2409 643 2467 Lehrs.
684 2410 789 2468 Melius
811 2410 968 2468 Schneider
991 2428 1018 2483 p.
1040 2417 1096 2470 446
1118 2408 1229 2486 ὁμοῖον,
1256 2412 1273 2468 i.
1296 2428 1320 2469 e.
1342 2417 1412 2468 tem-

290 2506 433 2578 pestivum
459 2503 504 2560 vcl
529 2501 678 2562 florentem
704 2520 757 2575 pro
787 2499 889 2578 ὡράων
915 2503 1038 2562 coniecit
1062 2504 1166 2562 collato
1192 2505 1293 2562 Niciae
1320 2505 1413 2576 epigr.

293 2599 322 2654 in
336 2596 452 2654 Antbol.
471 2595 532 2652 Pal.
548 2602 575 2667 9,
597 2602 653 2653 564
670 2595 794 2671 μέλισσα
814 2594 907 2664 ξουθὰ
926 2593 978 2673 ἐφ’
998 2594 1111 2672 ὁμοίοις
1130 2593 1232 2654 ἄνθεσι
1248 2595 1411 2673 μαινομένα.

292 2690 338 2748 Ad
363 2691 510 2761 vulgatam
537 2688 673 2746 tuendam
698 2689 840 2748 Tournier
865 2707 893 2762 p,
915 2697 951 2748 42
977 2691 1050 2748 bene
1075 2688 1185 2749 confert
1208 2692 1300 2749 Noun.
1327 2690 1410 2749 Dion.

289 2783 399 2843 XLVII
420 2790 470 2842 20:

498 2900 620 2980 Δι’χροον
640 2898 793 2979 ηρεθχοντυ
810 2900 899 2980 ῥόδον
921 2901 1084 2979 λειμωνίδες
1097 2896 1187 2978 Ὧραι,

499 2994 546 3053 καὶ
567 2995 662 3072 κρίνον
683 2993 889 3053 αὐτοτέλεστον
910 2992 1092 3070 ἐμαιωσαντο
1113 2994 1245 3052 κολῶναι.

290 3123 377 3182 Adde
396 3123 521 3181 XXXIV
543 3124 597 3182 107
619 3117 723 3179 οὔποτε
743 3124 819 3178 τοῖον
844 3121 946 3197 ἄχουσι
962 3120 1051 3198 ῥόδον
1078 3120 1285 3197 λειμωνίδες
1298 3115 1414 3198 Ὧραι,

290 3231 368 3288 quae
394 3218 423 3273 in
450 3233 531 3274 suum
562 3233 643 3273 usum
674 3220 842 3273 convertens
871 3214 992 3291 λειμῶνα
1012 3212 1124 3292 ‘liedda
1155 3215 1228 3274 dixit
1254 3215 1414 3275 Oolluthus.

290 3309 407 3370 Deinde
424 3307 583 3386 ῥοδόεντος
603 3325 656 3381 pro
677 3306 853 3383 δροσόεντος
872 3309 929 3367 iam
950 3316 1017 3367 ante
1031 3326 1076 3368 me
1092 3309 1161 3366 ibid.
1174 3310 1247 3367 coni.
1262 3309 1414 3380 Tournier,

292 3404 400 3462 collato
420 3419 445 3460 v.
467 3408 521 3462 341
544 3408 574 3460 et
592 3403 695 3461 Nonno
715 3400 800 3461 Dion.
822 3402 851 3458 II
872 3404 915 3462 te.
947 3402 1004 3461 Sed
1024 3408 1176 3474 utrumque
1197 3419 1289 3474 acque
1309 3402 1415 3462 bonum

296 3502 349 3556 est.
389 3493 573 3568 δροσόεντος
592 3495 629 3566 Ρ,
657 3504 686 3553 et
705 3515 738 3567 ο,
764 3495 813 3567 qui
838 3511 911 3554 corr.
938 3496 967 3552 in
991 3512 1095 3568 maru,
1121 3493 1191 3570 ὑπερ
1214 3495 1261 3568 Μ,
1288 3491 1357 3572 ὅπερ
1378 3495 1415 3568 03

294 3588 417 3647 θεάσσει
435 3588 483 3655 Μ,
504 3586 632 3644 θαάσσω
653 3587 675 3645 G
696 3593 763 3645 ante
784 3604 856 3646 corr.
877 3620 915 3631 -
934 3585 999 3645 340
1020 3585 1037 3665 η
1057 3588 1104 3657 Μ,
1127 3582 1144 3663 ἢ
1164 3588 1231 3645 add.
1251 3604 1288 3645 nr.
1308 3605 1365 3646 sec.
1387 3590 1416 3646 in

292 3698 382 3754 marg.
398 3680 431 3753 P,
445 3677 462 3757 ἢ
475 3681 516 3752 V3
529 3699 607 3756 χροα
620 3681 666 3751 Μ;
681 3680 800 3756 παρῶιοι
811 3682 852 3754 Μ,
866 3685 1021 3757 πατρωΐοιο
1034 3681 1061 3739 Α
1075 3687 1141 3739 ante
1156 3699 1239 3753 corr,
1255 3681 1415 3749 GLNPSW

294 3779 324 3831 et
343 3773 425 3844 Ald.;
445 3771 623 3850 δλεσσαμένη
643 3773 689 3846 Μ,
717 3773 894 3852 λοεσσαμένη
919 3775 1002 3834 codd.
1024 3780 1054 3833 et
1074 3774 1139 3833 edd.
1160 3791 1273 3845 omnes,
1298 3780 1416 3847 praeter

295 3867 482 3925 Schaeferum
503 3873 533 3925 et
552 3867 714 3939 Lehrsium,
735 3869 785 3939 qui
805 3867 882 3940 quod
902 3874 969 3926 ante
982 3868 1177 3926 Hermannum
1197 3871 1237 3940 (p.
1252 3871 1301 3939 21)
1322 3853 1416 3926 conie-

294 3963 377 4017 cerat
396 3960 454 4016 iam
474 3960 575 4032 Iulien,
599 3965 629 4017 ct
648 3960 782 4034 probavit
799 3960 957 4019 Schneider
975 3978 1002 4033 p.
1019 3967 1084 4033 446,
1105 3958 1279 4037 λοεσσομένη
1299 3976 1417 4032 recepe·

290 4057 373 4121 runt3
400 4084 436 4093 --
461 4049 522 4110 341
551 4046 648 4129 ὤχετο
674 4053 720 4124 Μ;
749 4048 916 4129 ὁπευμώταο
939 4050 1077 4130 ῥεέθροις
1099 4053 1145 4123 Μ,
1174 4051 1245 4130 ὑπὲρ
1272 4048 1354 4128 (deep
1381 4052 1416 4122 0)

292 4140 427 4220 εὐμώταυ
447 4140 513 4220 παρ’
543 4139 651 4221 ὄχθαις
670 4145 753 4204 codd.
775 4145 845 4203 dett.
868 4151 898 4203 et
918 4146 983 4205 edd.
1006 4152 1072 4204 ante
1092 4145 1271 4218 Bekkerum,
1297 4150 1417 4218 praetor
