3210 4836
677 343 890 407 ...55-

221 531 298 589 rexit
316 528 436 588 Bekker
456 546 492 588 ex
511 529 596 589 Dion.
616 529 696 603 XIV,
716 537 771 590 683
799 526 952 606 τρηχαλέῳ
977 528 1084 606 πρηώνι
1108 546 1350 605 περισκαιρουοαν

220 619 335 701 ἐρίπνης
355 629 385 682 et
401 624 487 683 DIon.
506 623 605 680 XVIII
625 631 661 683 81
684 624 763 696 [lege
777 627 826 696 61]
848 619 986 696 ἀοτιβέος
1000 622 1118 699 πρηῶνα
1131 619 1350 699 διαστείχοντες

221 713 342 794 ἐρίπνης.
363 749 401 759 -
422 715 485 775 104
499 715 641 792 κουρίζων
655 713 685 773 δ)
703 714 824 793 ἐνόμευε
845 715 928 774 codd.
950 715 1023 773 dett.
1049 722 1079 773 et
1099 715 1166 774 edd.
1188 720 1255 773 ante
1274 712 1351 773 Bek-

220 809 291 882 ker,
305 811 361 868 nisi
374 810 451 882 quod
464 806 493 866 δ’
512 806 647 886 ἐνόμευεν
659 811 697 882 Q3
710 843 742 852 -
758 808 817 867 105
832 807 972 885 ποιμένων
986 808 1081 881 MAQ
1095 831 1122 882 ιι,
1137 809 1167 866 in
1180 810 1262 868 cuius
1275 826 1350 868 mar·

223 905 288 976 gine
314 908 489 975 correctum3
520 920 593 962 corr.
627 904 715 962 etiam
741 902 887 961 Perdrier.
918 897 1129 978 θέκατέρωθεν
1154 904 1200 976 Μ,
1227 898 1257 959 θ’
1282 898 1350 960 ἑκά-

223 994 325 1071 τερθεν
348 995 432 1055 codd.
454 995 524 1054 dett.
545 1002 664 1068 praeter
683 995 724 1067 R,
751 995 800 1066 qui
820 990 847 1050 ό
859 993 970 1063 habet,
991 1000 1021 1051 et
1043 994 1084 1066 G,
1103 996 1153 1066 qui
1176 997 1350 1067 particulam

220 1090 336 1148 omittit.
366 1089 543 1147 Particulam
557 1084 587 1145 θ’
613 1089 748 1148 omissam
762 1088 791 1144 in
805 1087 936 1146 omnibus
951 1086 1130 1146 editionibus
1144 1088 1262 1146 reduxit
1274 1089 1350 1148 Len·

221 1197 291 1254 nep3
314 1181 445 1254 »legend
465 1177 659 1258 acepatvwvd'
679 1178 760 1238 ἑκατ.
782 1181 966 1240 distinctione
988 1181 1095 1240 maiori
1115 1188 1183 1241 ante
1203 1202 1277 1259 ποιμ.
1299 1201 1351 1257 po·
1391 1214 1394 1219 ·

221 1274 293 1333 sita«
310 1273 426 1334 Graes.
440 1293 469 1348 p.
485 1283 554 1347 2443
572 1282 601 1334 et
614 1276 692 1333 idem
705 1277 829 1334 coniecit
844 1275 1002 1334 Schneider
1015 1293 1044 1348 p.
1061 1284 1131 1347 4363
1148 1277 1252 1348 quibus
1266 1277 1351 1336 obse-⁴

221 1374 303 1427 cutus
323 1388 356 1426 τε
374 1371 546 1442 particulam
561 1386 595 1427 ex
609 1371 701 1442 unico,
723 1387 779 1442 quo
792 1370 945 1444 legebatur
959 1369 1084 1429 Oolluthi
1102 1371 1165 1429 loco
1188 1371 1349 1429 amandavi.

220 1495 256 1505 -
267 1465 467 1541 επιπροχοῆσιν
477 1464 523 1534 Μ;
540 1464 627 1522 »Post
638 1461 762 1539 ἀναύρου
776 1465 879 1522 sustuli
890 1464 1037 1535 maiorem,
1052 1462 1164 1534 quaein
1177 1463 1263 1520 editis
1275 1470 1349 1534 erat,

222 1556 444 1628 distinctionem,
466 1562 497 1615 ut
517 1558 559 1615 ita
580 1574 644 1615 cum
659 1559 791 1628 sequenti
811 1573 896 1614 versu
911 1556 1159 1628 coniungeretur.«
1192 1555 1348 1630 Lennep.

221 1683 255 1691 ·-
278 1647 508 1726 106ιοσφιμὲν
529 1647 694 1725 αμρομένων
714 1650 755 1718 Μ,
778 1647 945 1726 ἀγρονόμων
965 1650 1038 1707 coni.
1060 1648 1220 1711 Schneider
1238 1666 1267 1721 p.
1281 1654 1348 1721 436,
1415 1676 1417 1680 ⁴

223 1744 356 1817 probavit
370 1744 522 1817 Teurnier,
541 1762 569 1816 p.
585 1752 631 1817 22,
652 1745 699 1803 vix
711 1750 802 1815 recte,
823 1760 887 1801 cum
907 1744 1092 1816 participium
1110 1739 1299 1818 βοσκομένων
1318 1742 1349 1799 in

220 1854 247 1900 r·
264 1841 327 1909 107,
353 1842 387 1895 ut
407 1838 494 1895 etiam
514 1838 545 1894 in
564 1845 661 1898 v.106
685 1837 870 1910 participium
895 1838 1019 1909 legatur,
1046 1836 1181 1909 flagitare
1205 1836 1348 1895 videatur.

217 1928 271 2007 μὲν
292 1948 327 1989 ex
344 1928 383 2008 μὴ
403 1948 439 1987 m.
461 1947 518 1989 rec.
539 1932 568 1988 in
589 1933 628 2003 Q3
649 1930 795 2008 αγεληΜ;
815 1929 959 2005 πεμπάζεο
980 1933 1005 1989 Α
1028 1936 1057 1989 et
1077 1947 1113 1988 m.
1133 1947 1178 2003 pr.
1199 1930 1229 1987 in
1251 1931 1289 2002 Q3
1312 1961 1348 1972 ·-

220 2023 280 2082 107
300 2044 384 2101 νοοφι
403 2025 450 2095 Μ;
471 2023 619 2120 ξιεμετρεε
638 2025 671 2083 Μ
692 2026 734 2096 (in
749 2025 901 2097 quorcica
918 2022 1016 2101 μήλων
1030 2025 1161 2083 additum
1181 2030 1226 2082 est
1239 2041 1258 2082 a
1270 2025 1303 2082 Μ
1317 2029 1347 2096 6)

221 2124 369 2203 διέμέτρεε
393 2147 420 2182 π.
444 2126 542 2206 μῆλων
569 2127 604 2198 03
631 2125 773 2203 διεμέτριε
802 2128 843 2198 A;
869 2144 912 2192 vv.
935 2136 988 2187 106
1016 2132 1045 2185 et
1072 2129 1126 2186 167
1152 2127 1226 2184 lnL
1252 2129 1294 2185 sic
1319 2128 1347 2184 iu

222 2237 308 2278 uuum
323 2221 464 2278 contracti
478 2227 557 2278 sunt:
573 2220 658 2297 νόσφι
669 2219 723 2297 μὲν
736 2219 902 2298 ἀγρομένων
917 2219 1067 2296 διεμέτρεε
1088 2219 1170 2278 πώεα
1187 2220 1271 2298 μῆλα.
1301 2219 1347 2279 Dc

220 2331 263 2372 vv.
280 2321 334 2373 106
356 2320 386 2372 et
408 2316 460 2374 107
481 2316 554 2374 haec
577 2316 735 2374 Schneider
755 2334 782 2388 p.
803 2323 868 2373 435.
890 2322 960 2374 436:
985 2315 1095 2373 »Miror
1113 2316 1143 2371 in
1161 2315 1205 2372 his
1225 2319 1268 2374 tot
1293 2314 1348 2372 cri-

222 2408 344 2466 ticorum
363 2424 400 2466 ne
427 2426 513 2466 unum
539 2409 653 2480 quidem
679 2408 842 2468 offendisse.
882 2424 948 2466 nam
974 2424 1060 2479 quum
1087 2407 1170 2465 Paris
1196 2423 1253 2467 non
1278 2422 1347 2467 oves

221 2501 321 2572 solum,
342 2501 496 2560 sedetiam
511 2503 598 2561 boves
613 2508 756 2575 pasceret,
772 2508 899 2575 apparet
912 2496 1042 2577 πατρώια
1054 2499 1131 2579 μῆλα
1148 2501 1246 2560 latiori
1260 2502 1348 2573 signi·

220 2592 354 2653 ficatione
375 2596 500 2667 positum
526 2612 590 2653 esse
609 2602 643 2652 ut
662 2612 773 2654 omnem
794 2595 900 2653 Priami
922 2593 1004 2672 ληίδα
1024 2592 1175 2668 significet.
1215 2596 1262 2652 cui
1281 2611 1347 2654 con·

222 2703 324 2760 gruum
339 2692 393 2760 est,
415 2689 490 2760 quod
505 2689 602 2747 Parim
617 2707 673 2748 non
687 2691 778 2748 solum
791 2688 935 2763 βουκόλον
951 2689 1100 2748 colluthus
1115 2688 1246 2761 appellat
1259 2706 1285 2747 v.
1301 2695 1347 2760 10,

221 2783 272 2852 72,
294 2785 345 2853 67,
371 2782 532 2840 sedetiam
556 2781 743 2861 μηλοβοτῆρα
763 2791 820 2841 ab
843 2789 873 2841 et
897 2789 966 2851 158,
994 2783 1150 2841 Homerum
1177 2788 1292 2840 secutus
1312 2779 1346 2838 Il.

225 2882 270 2948 16,
293 2883 357 2934 529.
379 2892 432 2934 nec
453 2876 558 2934 desunt
578 2878 643 2949 loci,
664 2876 713 2933 ubi
730 2875 808 2953 μῆλα
829 2874 918 2932 hoves
939 2882 969 2933 et
989 2891 1056 2932 oves
1077 2875 1161 2932 simul
1175 2873 1347 2947 significant,

223 2975 256 3026 ut
275 2969 418 3029 Theocrit.
441 2978 487 3042 25,
510 2976 563 3028 119
586 2975 616 3028 et
636 2977 701 3028 281.
723 2986 757 3027 ac
771 2969 837 3027 vide
852 2969 1058 3041 Aristophanis
1073 2970 1140 3041 Byz.
1155 2970 1249 3028 locum
1269 2967 1347 3042 apud

114 3058 120 3063 ’
223 3062 369 3122 Naukium
390 3081 418 3136 p.
435 3064 488 3122 197
510 3080 570 3135 seq.
596 3066 655 3121 iam
674 3080 743 3124 vero
762 3065 826 3135 quis
847 3064 920 3123 adeo
934 3064 1063 3136 ineptum
1078 3061 1168 3121 fuisse
1183 3062 1346 3122 Colluthum

188 3154 193 3164 '
223 3163 315 3229 putet,
336 3163 369 3215 ut
389 3174 475 3230 quum
495 3159 568 3217 haec
585 3158 694 3216 Priami
711 3157 788 3236 μῆλα
807 3159 835 3214 in
858 3174 966 3230 genera
987 3175 1040 3215 sua
1061 3157 1228 3229 dispascere
1248 3156 1347 3223 vellet,

223 3268 280 3310 non
300 3252 461 3310 nominaret
485 3252 572 3311 hovas
599 3258 628 3310 ct
654 3269 722 3310 oves
749 3253 793 3324 (ut
817 3251 886 3310 lecit
911 3253 1038 3309 incertus
1065 3258 1153 3323 poeta
1178 3252 1215 3310 ab
1235 3252 1347 3309 Aristo·

219 3345 315 3418 phane
335 3344 451 3403 ladatus
471 3345 490 3402 l.
510 3346 530 3401 l.
551 3345 599 3416 qui
621 3345 693 3403 dicit
709 3345 794 3422 μῆλα,
811 3343 888 3420 βόας
908 3329 1034 3420 κεραοὺς1
1052 3342 1101 3399 καὶ
1121 3330 1166 3408 im
1186 3342 1234 3400 καὶ
1248 3341 1347 3407 πίονας

220 3434 315 3514 αἶγας)
337 3439 390 3496 sed
410 3444 476 3512 post
495 3438 583 3499 boves
604 3439 698 3498 denuo
718 3438 839 3497 inferret
857 3437 938 3496 πώεα
954 3436 1090 3516 palma?
1120 3437 1196 3496 Huic
1214 3437 1284 3496 vitio
1309 3470 1344 3479 —

220 3547 286 3589 nam
308 3531 407 3590 vitium
427 3531 557 3605 prolecto
579 3538 624 3591 est
643 3566 680 3582 —.-
700 3534 743 3591 ita
763 3532 900 3592 facillime
913 3531 1024 3590 mederi
1045 3533 1109 3602 quis
1123 3533 1224 3604 possit,
1245 3537 1277 3590 ut
1296 3547 1344 3590 re-

223 3626 327 3683 stituta
346 3625 502 3685 Homerica
521 3628 653 3685 clausula
672 3628 717 3698 (ll.
741 3635 786 3700 11,
809 3635 874 3688 696.
897 3635 942 3699 16,
964 3634 1029 3686 323.
1051 3626 1104 3685 0d.
1122 3634 1167 3700 12,
1188 3631 1256 3698 299)
1277 3627 1346 3684 scri-

219 3718 271 3776 bat
299 3716 450 3795 διεμέτρεε
474 3720 536 3778 πῶο
553 3716 615 3797 μέγ’
639 3719 722 3793 οἰῶν,
751 3721 800 3779 uhi
830 3722 911 3779 elisio
943 3736 1017 3791 quae
1044 3726 1089 3779 ast
1113 3721 1142 3778 iu
1169 3736 1238 3781 voce
1260 3719 1344 3798 μέγα,

220 3812 378 3871 abhorrens
393 3814 443 3873 illa
462 3832 480 3874 a
496 3814 621 3874 Oolluthi
634 3832 698 3887 usu,
719 3815 932 3887 excusatoriis,
953 3831 1028 3885 quae
1042 3814 1165 3872 diximus
1180 3814 1218 3872 ad
1238 3832 1263 3873 v.
1279 3822 1345 3888 666,

219 3922 285 3979 pag.
302 3914 367 3966 410.
399 3909 503 3979 [mam
524 3926 611 3981 quum
632 3909 754 3967 aliorum
774 3911 852 3969 locos
872 3914 1024 3981 poetarum
1044 3908 1074 3965 in
1094 3924 1156 3966 rem
1177 3925 1258 3969 suam
1279 3925 1345 3969 con-

217 4006 369 4058 verterent
388 4000 473 4059 huius
494 4008 592 4060 sectae
616 4009 737 4074 poetae,
764 4018 852 4075 saepe
879 4001 1080 4060 desciscehant
1105 3999 1142 4060 ab
1167 4002 1204 4060 iis
1230 4003 1345 4074 legibus

218 4109 292 4166 quas
306 4093 362 4167 ipsi
377 4094 433 4152 sibi
447 4096 622 4168 scripserant
644 4102 674 4154 et
692 4096 762 4155 alibi
781 4097 1001 4170 religiosissime
1021 4095 1245 4170 observabatum]
1267 4097 1346 4168 cqui-
