3208 4848
714 407 926 471 ..gg-

260 613 311 661 νας
324 596 362 667 Q3
381 592 516 670 εἶαμένος
534 597 583 667 aaa
604 589 760 669 ἐριάνθους
773 591 941 665 Schneider,
957 589 1137 668 Ἐρυμάνθου
1157 592 1242 652 codd.
1265 599 1295 652 et
1315 592 1390 652 edd·

260 704 372 759 omnes3
396 707 439 748 vv.
463 691 529 748 227.
550 696 605 748 228
631 687 673 746 sio
697 691 939 760 transposuerunt
958 684 1091 744 Graefius
1112 690 1142 744 00
1162 685 1334 759 Schneider3
1355 687 1385 745 iu
1468 687 1471 692 ’

260 783 342 843 codd.
371 793 402 842 et
430 783 505 842 edd'
525 783 639 841 inverso
669 781 770 839 ordine
800 781 945 853 leguntur.
979 812 1014 822 -
1046 774 1110 838 227
1141 777 1315 857 κεκλομένην
1342 779 1386 851 Μ,

260 874 425 987 κεκληιμένην
444 909 495 982 W,
515 910 546 967 in
567 908 589 968 C
609 904 797 984 κεκλημένην,
818 906 871 966 sed
890 908 972 980 prins
991 929 1009 985 η
1029 924 1065 966 ex
1085 925 1174 980 corr.;
1199 903 1319 985 ἐνόησεν
1339 901 1385 963 ἐπ’

259 1003 293 1063 Μ
312 1010 342 1062 00
361 1020 437 1062 recc.
458 1002 523 1062 edd.
550 1002 618 1061 inde
638 1018 657 1061 a
675 1000 823 1069 Bekhero,
847 997 953 1076 ἐνόησε
972 1002 1037 1077 παρ’
1063 1002 1126 1061 rell.
1147 1001 1231 1061 codd.
1257 1005 1289 1057 et
1309 998 1384 1067 edd,

259 1097 315 1155 nisi
335 1097 411 1169 quod
429 1093 560 1173 ivssdpoa
573 1096 612 1168 Q3
632 1092 757 1170 ευρόταυ
770 1094 813 1163 Μ,
833 1089 957 1168 εὐρόταυ
972 1096 1012 1166 Q3
1034 1127 1068 1136 —
1092 1093 1157 1154 228
1178 1093 1299 1170 σπάρτιν
1320 1094 1385 1164 (sed

260 1213 269 1248 ι
289 1208 325 1251 ex
344 1195 431 1263 corr.)
453 1191 491 1262 Ως
518 1185 701 1265 κοιλιγὺναικα
721 1189 760 1260 Q;
784 1186 943 1263 ἀτρειωνος
962 1188 1010 1259 Μ;
1031 1219 1068 1230 -
1090 1184 1155 1247 229
1176 1189 1252 1247 hunc
1271 1204 1386 1246 versum

260 1286 392 1357 sequenti
416 1287 642 1358 postposuerunt
664 1280 802 1340 Neander
829 1285 860 1339 00
881 1280 1001 1340 Uhelus.
1045 1278 1220 1340 ὑποδαοκιον
1245 1283 1292 1355 Μ,
1321 1280 1387 1340 ὑπο-

261 1377 394 1448 δάοκιον,
421 1375 443 1436 Ο
464 1381 532 1436 ante
555 1392 643 1446 corn,
667 1373 952 1446 AGLNPQRSW
972 1381 1002 1433 et
1024 1374 1070 1433 ed.
1095 1375 1190 1448 Porti3
1216 1371 1323 1451 οὔρεος
1349 1375 1387 1448 0;

262 1470 327 1548 ϋλην
339 1472 386 1542 Μ;
406 1503 444 1512 -
465 1467 530 1528 280
550 1468 694 1525 ποποίνων
708 1468 743 1525 L.
765 1499 801 1510 -
821 1468 904 1526 Nunc
924 1466 961 1525 de
981 1471 1044 1526 tota
1061 1468 1174 1526 itineris
1189 1467 1384 1542 descriptione

260 1565 417 1624 videamus.
447 1563 592 1636 Imprimis
606 1562 781 1635 vituperavit
795 1560 959 1620 Oolluthum
972 1559 1093 1633 Lennep
1108 1578 1143 1620 eo
1160 1560 1286 1634 homine,
1307 1561 1385 1634 quod

262 1659 429 1730 »Paridem
455 1656 566 1714 relictis
585 1655 717 1726 Mycenis
741 1654 822 1712 iuxta
841 1654 1012 1726 Erymanthi
1035 1659 1123 1726 prata
1142 1654 1279 1738 Spartam
1298 1655 1386 1712 sitam

260 1752 299 1810 ad
318 1750 428 1809 fluenta
444 1750 574 1808 Eurotae
594 1747 719 1806 vidisse«
740 1748 910 1805 narraverit.
943 1747 1033 1806 »Gom
1054 1748 1130 1806 enim
1149 1748 1282 1820 Mycenis
1299 1748 1385 1806 ParIs

260 1843 491 1919 proficisceretur
504 1842 640 1915 Spartam
658 1857 716 1900 non
734 1841 790 1898 nisi
810 1857 864 1913 per
878 1841 1063 1913 longissImas
1078 1840 1217 1914 ambages
1232 1843 1291 1899 iter
1303 1841 1386 1900 insti·

261 1939 378 2009 tuisset,
403 1935 441 1994 ad
466 1934 584 1992 flauum
602 1933 824 2006 Erymanthum,
850 1935 957 2007 quippe
982 1935 1070 2007 longo
1097 1938 1167 1994 satis
1194 1936 1386 1994 intervallos

260 2031 390 2104 Mycenis
415 2035 445 2089 et
465 2027 724 2101 §paradisorum
748 2029 899 2100 pervenire
919 2028 1026 2100 potnit.
1068 2028 1127 2088 Sed
1153 2045 1309 2102 ponamus,
1330 2029 1385 2087 Pa·

260 2124 352 2183 ridem
372 2123 453 2180 iuxta
466 2120 674 2193 Erymanthum
692 2122 750 2180 iter
769 2122 937 2179 instituisse.
968 2122 1068 2180 Iamne
1082 2123 1163 2181 nulla
1176 2123 1299 2196 amplius
1313 2112 1387 2181 diiii·

260 2217 354 2276 cultas
379 2215 542 2288 supererit?
572 2216 633 2274 Imo
659 2229 728 2273 vero
752 2215 891 2272 maxima:
922 2213 977 2272 n'eo
1002 2217 1077 2274 enim
1102 2222 1163 2275 tam
1187 2218 1276 2280 vicini
1302 2222 1387 2275 erant

261 2309 341 2369 fluvii
359 2307 554 2382 Erymanthus
574 2313 604 2366 et
623 2308 759 2379 Eurotas,
780 2308 828 2365 cui
848 2307 957 2379 Sparta
976 2308 1150 2381 adiaciebat,
1172 2315 1212 2382 ut,
1234 2311 1284 2381 qui
1304 2311 1385 2368 iuxta

259 2402 430 2476 Erymanthi
450 2401 559 2460 fluenta
578 2400 759 2468 morabatur,
784 2402 842 2458 iam
868 2407 928 2459 tum
950 2401 1084 2474 Spartam
1105 2402 1236 2461 Eurotae
1260 2403 1383 2461 vicinam

260 2497 358 2556 videre
387 2501 512 2569 posset«
545 2527 580 2535 -
609 2494 756 2552 Letronne
780 2493 858 2566 apud
882 2495 1039 2566 lulianum,
1073 2495 1109 2553 ab
1134 2495 1261 2554 Homero
1292 2503 1385 2556 trans-

261 2604 373 2648 versum
387 2592 484 2647 actum
496 2586 610 2659 putavit
624 2586 802 2658 Oolluthum;
823 2603 887 2644 oum
901 2588 977 2645 enim
996 2588 1046 2645 ille
1067 2587 1087 2653 ζ
1099 2595 1250 2648 lon-104
1264 2588 1383 2649 dixerit:

264 2680 312 2759 θῖη
331 2680 356 2737 δ’
369 2674 499 2756 ’Ἄρτεμις
520 2676 576 2736 εἶσι
601 2677 665 2736 κατ’
689 2672 794 2756 οὔρεος
818 2679 949 2759 ἰοχέαιρα
960 2675 1001 2738 Ἢ
1017 2681 1094 2739 κατὰ
1116 2679 1252 2759 Τηΰγετον
1272 2683 1384 2762 περιμη-

260 2791 354 2846 κετον,
374 2768 591 2850 ἢἘούμονθον,
612 2771 761 2831 colluthus
775 2774 984 2845 Erymanthum
1005 2776 1035 2831 in
1056 2774 1158 2833 eadem
1174 2792 1209 2834 ac
1222 2776 1385 2851 Tangetum

260 2873 348 2940 terra,
368 2867 398 2924 id
419 2872 464 2925 est
477 2868 506 2923 in
520 2865 748 2938 Lacedaemone,
769 2865 857 2925 luisse
878 2871 995 2940 putans,
1015 2868 1116 2927 urbem
1131 2868 1275 2942 Spartam,
1297 2888 1384 2944 quam

260 2961 423 3033 aTaugeto
442 2976 499 3020 non
517 2960 602 3016 nimis
616 2959 726 3018 dIstcre
739 2965 838 3018 notum
854 2964 925 3033 erat,
946 2978 1037 3034 prope
1054 2961 1093 3019 ad
1106 2962 1278 3034 Erymanthi
1292 2981 1384 3024 mon-

259 3055 306 3112 tis
332 3068 463 3126 pascua
489 3052 544 3122 (sic
568 3053 643 3110 enim
666 3051 731 3127 παρ’
750 3051 885 3126 εἰαμενὰς
902 3049 1080 3129 Ἐρυμάνθου
1106 3055 1317 3128 iuterpretatur
1337 3074 1382 3116 se·

260 3150 343 3205 cutus
364 3162 382 3204 a
400 3146 521 3218 Iuliano,
541 3147 591 3217 qui
608 3144 812 3224 ἀνερχομένοιο
833 3146 869 3204 de
889 3152 986 3206 monte
1006 3149 1102 3221 aptius
1129 3165 1214 3221 quam
1236 3149 1272 3208 de
1295 3149 1383 3210 fluvio

261 3238 369 3298 dictum
382 3244 479 3313 putat)
500 3241 585 3297 sitam
599 3256 663 3298 esse
677 3240 733 3298 sibi
746 3241 934 3313 persuaserit.
966 3242 1068 3302 Paullo
1088 3243 1236 3301 meliorem
1252 3244 1325 3304 viam
1342 3244 1385 3301 In-

261 3349 377 3406 gressus
391 3338 436 3392 est
451 3331 582 3391 Graefius
595 3350 624 3406 p.
639 3340 707 3392 250:
730 3333 864 3393 ›Goluthi
885 3336 1095 3408 geographiam
1116 3335 1255 3394 damnant
1274 3353 1389 3413 omnes,

262 3425 320 3485 Sed
339 3442 403 3485 curn
423 3427 468 3485 vel
488 3428 517 3484 in
537 3426 780 3499 desperatissimis
800 3428 895 3486 causis
919 3426 1100 3488 defensorem
1127 3435 1263 3489 accusato
1284 3446 1386 3489 conce·

261 3519 312 3578 dat
331 3521 505 3590 humanitas,
525 3521 683 3593 videamus,
704 3521 773 3592 quid
794 3523 938 3595 susceptis
957 3525 1074 3596 patroni
1093 3524 1226 3595 partibus
1239 3525 1387 3596 praestari

260 3613 361 3684 possit.
402 3613 542 3671 Achaiam
561 3631 588 3672 v.
609 3621 664 3673 219
690 3614 727 3672 de
747 3616 881 3674 universa
901 3615 1026 3675 Graecia
1052 3617 1145 3690 accipi
1169 3633 1256 3689 posse
1283 3624 1384 3676 conce-

261 3705 346 3777 dunt,
372 3711 451 3778 puto.
491 3706 552 3763 Iam
576 3723 633 3765 non
657 3708 719 3765 sine
745 3712 809 3767 arte
834 3725 852 3767 a
875 3714 963 3782 poeta
988 3710 1165 3782 nstitutum,
1192 3716 1225 3768 ut
1249 3709 1385 3768 Phthiam

261 3801 372 3855 tantum
393 3804 423 3856 et
435 3798 575 3870 Mycenas
595 3816 621 3858 v.
637 3806 692 3859 220
712 3808 949 3861 commemoraret
968 3802 1061 3874 Paris,
1083 3804 1167 3873 quasi
1187 3804 1385 3877 praesagiens,

260 3889 324 3947 illas
344 3905 410 3948 mox
422 3890 543 3949 Achillis
558 3895 588 3949 et
600 3891 823 3964 Agamemnonis
841 3895 955 3953 nomine
974 3909 1047 3967 prae
1072 3896 1178 3953 ceteris
1199 3896 1293 3953 claras
1313 3894 1386 3954 fore.

260 3981 330 4041 Mox
350 3997 418 4042 vero
438 3984 619 4056 importunus
639 3990 685 4044 est
701 3985 895 4057 Erymanthus
916 4002 980 4045 cum
1001 3987 1114 4045 Eurota
1134 3992 1165 4046 et
1183 3988 1256 4046 urhe
1279 3989 1387 4061 Sparta

261 4075 438 4133 coniunctus.
478 4076 605 4136 Eurotas
626 4082 656 4135 et
675 4078 820 4151 Alpheus,
845 4080 893 4137 oui
911 4079 1104 4151 Erymanthus
1130 4081 1283 4152 miscetur,
1310 4097 1386 4140 com·

260 4183 359 4226 munes
379 4166 441 4228 fere
460 4167 554 4228 fontes
574 4169 690 4244 hahent,
710 4169 746 4229 cf.
760 4172 884 4231 Pausan.
900 4172 970 4231 VIII
985 4179 1031 4231 44.
1058 4173 1117 4250 §a
1138 4174 1215 4233 unde
1236 4174 1385 4247 coniicias,
