3210 4836
744 390 954 452 „66-

286 579 442 638 conciliare
468 576 612 635 studebat.
653 578 717 650 quis
742 579 817 636 euim
843 579 888 636 cui
915 578 1031 650 quidem
1063 580 1167 651 aliquis
1199 582 1229 638 iu
1254 581 1300 638 his
1328 581 1415 639 rebus

286 687 389 729 seusus
412 677 465 742 est,
486 687 543 729 nou
566 677 746 742 exspecteta
764 676 852 743 pocta
872 670 1011 743 additum,
1033 671 1139 744 Parim,
1160 673 1208 744 qui
1229 679 1273 732 tot
1293 674 1415 732 vidisset

288 771 465 837 venustates,
486 766 650 823 haesitasse
671 765 721 822 diu
742 767 882 823 incertum
903 767 949 821 cui
969 766 1076 837 primas
1100 764 1247 826 deferret?
1276 768 1352 839 quod
1373 767 1387 825 f
1404 800 1415 812 ·

288 860 337 932 cit,
358 864 390 916 ut
410 860 515 917 lacuna
536 858 620 916 simul
640 858 831 931 deprevatum
850 859 945 917 locum
966 865 1064 930 putem
1085 875 1169 930 quem
1190 861 1233 918 ita
1246 868 1279 919 ut
1292 863 1416 934 posthac

291 951 418 1012 scribant
439 952 566 1010 editores
587 953 741 1009 suaserim:

797 1084 905 1161 κόσμον
946 1128 1239 1142 .......

441 1179 550 1256 χειρῶν
571 1176 736 1254 [μειδιόων]
801 1221 807 1232 .
850 1221 856 1234 .
891 1183 893 1188 “
899 1220 1239 1234 ........

442 1362 504 1435 [καὶ
525 1363 604 1437 τότε]
623 1362 795 1440 μειδιόωντα
815 1363 897 1441 δίκης
917 1362 1109 1440 προπάροιθεν
1133 1361 1241 1421 ἑλοῦσα

442 1459 518 1515 τοῖον
538 1452 708 1536 Ἀλεξάνδρῳ
725 1455 878 1534 μυθήσατο
896 1456 989 1533 μῦθον
1006 1454 1132 1536 Ἀθηνηα.

290 1583 372 1642 Haec
397 1584 556 1643 Schneider
581 1586 780 1657 sagacissime,
808 1585 859 1643 scd
884 1602 940 1643 non
965 1587 1079 1644 omniuo
1104 1603 1180 1645 vere.
1226 1587 1413 1661 Transposito
1439 1616 1460 1631 -v

252 1663 258 1670 ’
291 1678 366 1735 enim
386 1695 472 1736 versu
488 1685 542 1737 136
563 1684 630 1751 post
650 1696 675 1735 v.
692 1686 746 1737 133
768 1695 824 1736 nou
845 1694 889 1749 ea,
911 1694 995 1749 quam
1010 1678 1169 1736 Schneider
1182 1681 1325 1737 nonnuliis
1340 1695 1414 1752 quac

287 1771 317 1826 in
338 1785 444 1843 graeco
464 1776 547 1829 textu
566 1788 602 1829 ue
623 1773 759 1842 leguntur
779 1771 894 1843 quidem
915 1772 1061 1829 vertendis
1081 1788 1170 1844 supra
1190 1774 1341 1846 expressit,
1363 1774 1414 1830 scd

287 1861 363 1921 haec
388 1864 490 1936 inepta
520 1863 618 1921 evadit
646 1864 803 1922 sententia:
844 1863 945 1921 »Paris
971 1863 1090 1922 dearum
1116 1865 1359 1937 pulchritudinem
1385 1871 1415 1924 et

289 1956 378 2014 calcis
394 1963 423 2015 ct
436 1957 600 2029 plantarum
615 1957 739 2028 vestigia
753 1956 912 2014 diiudicare
933 1956 991 2025 (vel
1011 1958 1173 2030 explorare)
1195 1960 1344 2028 tentavit«,
1365 1958 1415 2017 ubi

289 2050 354 2121 quis
365 2066 422 2108 non
434 2050 561 2109 offendat
574 2051 604 2107 in
615 2049 760 2108 vocabulis
776 2047 892 2119 κάλλος,
906 2047 1010 2126 πτέρνη
1024 2056 1054 2107 et
1068 2048 1175 2127 ταρσοί
1183 2051 1225 2108 sic
1238 2051 1416 2110 coniunctis?

288 2142 363 2201 Mihi
383 2159 483 2201 versus
500 2150 569 2216 136,
596 2159 680 2215 quem
701 2143 768 2201 olim
788 2143 884 2214 potius
905 2150 972 2215 post
991 2160 1016 2200 v.
1034 2145 1069 2202 ⁷5
1090 2145 1253 2215 ponendum
1275 2161 1338 2203 esse
1358 2161 1414 2202 non

294 2238 356 2294 siue
377 2252 466 2294 causa
479 2236 643 2308 suspicatus
658 2251 728 2301 sum,
748 2251 823 2292 nunc
837 2250 894 2306 quo
910 2236 972 2293 loco
986 2236 1015 2292 in
1030 2235 1203 2294 editionibus
1216 2237 1324 2308 legitur
1335 2242 1416 2293 recte

289 2347 322 2389 se
347 2329 458 2388 habere
483 2329 605 2388 videtur.
644 2329 767 2401 Aspexit
792 2329 868 2386 euim
889 2328 972 2385 Paris
997 2329 1120 2401 primum
1147 2344 1211 2386 eam
1235 2329 1414 2387 uniuscuius-

290 2440 346 2495 que
367 2423 441 2481 deae
466 2426 662 2488 venustatem,
691 2436 766 2492 quae
791 2437 862 2495 prae
888 2421 993 2478 ceteris
1019 2422 1161 2479 exceliens
1188 2438 1276 2494 super
1301 2422 1416 2481 modum

291 2517 353 2573 eius
368 2516 458 2573 oculis
472 2529 538 2572 sese
552 2513 706 2585 obtulerat,
727 2519 794 2586 post
808 2519 905 2571 eutem
918 2513 956 2571 ad
970 2519 1102 2572 caeteras
1116 2513 1236 2572 dearum
1250 2519 1416 2574 venustates

290 2608 407 2666 transiit
427 2608 500 2665 adeo
520 2606 666 2679 religiose,
687 2614 720 2665 ut
733 2608 778 2665 vel
797 2608 961 2679 plantarum
981 2609 1105 2680 vestigia
1124 2609 1268 2682 inspicere
1287 2626 1344 2667 non
1366 2624 1416 2666 ne·

293 2702 426 2774 glexerit.
462 2702 557 2773 Quare
583 2706 699 2758 servata
719 2701 845 2758 omnium
865 2701 996 2758 codicum
1016 2701 1140 2760 lectione
1161 2700 1269 2776 κόσμον
1289 2697 1418 2777 ἑκάστης

291 2801 359 2868 post
376 2797 480 2873 χρυσῷ
491 2791 640 2871 δαιδαλέην
654 2794 752 2866 plures
768 2809 867 2852 versus
887 2794 1068 2853 intercidisse
1082 2794 1249 2868 significavi,
1268 2793 1416 2865 inquibus

290 2889 379 2947 etde
401 2887 518 2946 Iunonis
539 2887 664 2946 brachiis
685 2887 792 2946 mentio
812 2888 919 2946 iniecta
940 2886 1029 2945 fuerit
1049 2892 1079 2945 et
1098 2887 1129 2945 id
1149 2886 1225 2960 quod
1246 2893 1352 2958 poetae
1374 2885 1417 2943 di·

290 2981 413 3040 cendum
438 2980 529 3038 fuisse
554 2980 638 3039 modo
664 2979 802 3051 indicavi,
827 2979 958 3052 pluribus
983 2986 1169 3052 persecutum
1194 2981 1240 3037 sit.
1283 2979 1359 3037 Olim
1387 2979 1417 3035 in

290 3073 462 3133 Schneidcri
482 3074 627 3131 sententia
648 3062 969 3145 acquiescens-Iunonis
990 3071 1099 3148 κόσμον
1119 3071 1252 3148 ἀγοστῶν
1279 3075 1320 3142 (in
1341 3071 1417 3143 quod

289 3167 462 3225 Mauritium
477 3165 607 3224 Schmidt
626 3182 739 3237 quoque
757 3165 893 3223 incidisse
908 3182 983 3223 nuuc
996 3165 1081 3225 video
1094 3167 1123 3222 in
1136 3166 1213 3223 Mus.
1228 3165 1320 3224 Rhen.
1334 3164 1417 3236 XXV

290 3264 418 3335 p.182.)
444 3275 462 3316 a
486 3265 575 3331 poete
607 3259 755 3317 laudatum
786 3257 875 3315 fuisse
901 3259 948 3315 vix
976 3263 1056 3316 recte
1087 3259 1250 3330 suspicatus
1282 3275 1353 3316 sum.
1379 3290 1417 3302 -

291 3347 451 3412 Praeterea
470 3369 571 3411 versus
592 3352 668 3410 sicut
687 3368 705 3409 a
725 3351 900 3410 Schneidero
922 3353 1062 3425 descripti
1088 3359 1168 3425 suut,
1195 3354 1243 3410 vel
1267 3352 1335 3412 ideo
1355 3353 1417 3426 pla

290 3462 359 3505 cere
378 3463 436 3506 nou
455 3452 585 3520 possunt,
606 3445 683 3517 quod
703 3446 732 3500 in
752 3445 788 3501 iis
802 3442 914 3520 κόσμος
925 3447 1061 3522 χειρῶν
1075 3446 1112 3505 de
1124 3445 1242 3505 Iunonis
1256 3446 1418 3505 brachiis

291 3536 485 3613 (λευκώλενος
497 3535 579 3617 Ἥρη)
601 3538 726 3611 positum
748 3541 805 3610 est,
832 3545 862 3596 et
878 3538 989 3616 μετρῶν
1009 3535 1126 3612 ἑλοῦσα,
1147 3546 1180 3598 ut
1200 3546 1288 3598 autea
1309 3541 1418 3599 editum

292 3639 366 3706 erat,
388 3634 484 3706 aptius
505 3632 541 3690 dc
561 3632 694 3689 Minerva
714 3632 822 3690 dictum
850 3638 908 3705 est,
935 3648 1021 3703 quam
1046 3632 1167 3705 simplex
1192 3629 1316 3706 ἑλοῦσα,
1342 3632 1419 3704 quod

293 3726 342 3786 vix
355 3726 441 3784 aliter
455 3741 490 3783 ac
502 3741 557 3797 per
577 3726 739 3797 amplexa
760 3731 815 3783 est
834 3726 1020 3799 interpretari
1035 3743 1196 3798 possumus.
1212 3759 1248 3767 -
1262 3726 1368 3793 Restat
1387 3732 1420 3784 ut

291 3818 448 3879 Tournerii
469 3824 659 3877 commentum
680 3822 721 3890 (p.
736 3822 785 3887 24)
806 3835 1033 3891 commemorem,
1054 3821 1104 3890 qui
1118 3817 1250 3895 γλαυκῶν
1262 3817 1419 3896 βλεφάρων

291 3910 384 3976 σέλας
407 3912 446 3969 ad
465 3911 627 3969 Minervam
652 3909 836 3969 referendum
861 3927 925 3970 esse
951 3911 1125 3980 concedens,
1152 3914 1266 3972 omuino
1292 3913 1368 3971 male
1389 3909 1420 3968 δ’

284 4000 373 4083 Ἥρην
392 4021 445 4077 pro
466 4002 563 4081 δειρήν
582 4006 734 4077 proposuit
754 4011 784 4064 ct
803 4003 975 4081 ἐφράσσατο
1001 4003 1112 4080 κόσμον
1137 4002 1254 4083 ἐθείρης
1274 4006 1311 4065 ab
1332 4007 1420 4064 inter·

291 4099 428 4173 polatore
449 4097 579 4156 additum
600 4114 663 4156 esse
683 4099 798 4171 putavit
817 4099 963 4172 deperditi
980 4099 1164 4172 hemistichii,
1185 4101 1234 4171 qui
1255 4099 1291 4158 de
1305 4100 1420 4158 Venere
