3208 4848
648 405 882 469 —101-

197 604 290 660 ouum
309 604 365 648 non
385 596 551 664 corruptum
571 590 706 651 videatm
722 591 827 666 πάντα,
858 591 961 650 deesse
982 594 1200 666 consumptio,
1219 590 1249 649 in
1269 605 1325 663 quc
1391 646 1397 653 .

196 681 413 741 substantivum
435 689 509 756 erat,
529 685 666 755 virtutes,
686 685 801 757 laudes,
822 683 930 742 decora
948 681 1138 755 significans«
1180 684 1260 756 Quae
1279 685 1325 744 vel

194 774 326 836 Lehrsio
346 793 403 836 non
422 779 578 850 persuasit,
598 785 629 837 et
648 778 765 850 qotdem
783 785 873 846 recte,
892 782 959 835 nam
973 791 1048 848 qnae
1061 775 1138 835 bona
1151 780 1197 835 est
1210 775 1326 836 Schnei-

196 868 269 927 -deri
287 886 315 943 p.
331 875 388 929 443
408 869 581 942 observatio,
604 871 699 943 »quod
712 869 896 930 Hermennus
917 868 1103 928 desiderabat
1121 884 1234 940 nomen,
1253 871 1325 930 setis

195 978 276 1037 >idad
296 978 454 1037 indicatum
468 986 513 1040 cst
525 995 596 1040 voce
615 976 801 1056 σριστεάιον.ι
825 1011 859 1022 -
883 978 945 1039 285
966 997 1103 1055 ειμιγοναι
1115 977 1162 1050 Μ;
1181 944 1266 1055 pileo
1285 981 1325 1053 Q3

203 1103 237 1113 -
260 1087 291 1131 v.
313 1068 377 1130 286
403 1072 487 1132 deest
511 1072 541 1131 in
560 1072 608 1145 Μ;
628 1071 771 1150 δαρδάνος
790 1072 829 1145 Ρ;
853 1105 885 1115 -
909 1069 971 1131 287
990 1064 1016 1148 ᾧ
1034 1070 1083 1128 καὶ
1103 1086 1138 1130 ex
1157 1070 1191 1129 M
1208 1071 1326 1132 Bekker

194 1169 234 1223 et
246 1163 349 1238 Lehrs,
369 1158 454 1223 ἔνθεν
474 1166 537 1224 rell.
558 1165 642 1225 codd.
658 1173 687 1225 et
705 1166 783 1235 edd,
802 1167 892 1225 etiem
906 1165 1013 1236 Iulien3
1033 1161 1167 1240 οὐλορπιο
1180 1165 1222 1238 Μ,
1242 1160 1325 1241 blop-

193 1277 265 1314 ποιο
284 1258 320 1327 R,
340 1257 440 1317 ἀποολ.
462 1260 501 1332 Q?
522 1256 682 1338 ξεινήοντες
700 1259 737 1329 Ρ,
759 1256 918 1336 ξοινήοντες
938 1258 976 1331 Q,
998 1255 1139 1335 ξεινήονες
1157 1259 1221 1317 rell.
1241 1258 1324 1320 codd.

197 1352 277 1411 dett.
298 1360 329 1412 et
349 1354 415 1412 edd.
436 1361 503 1412 ante
522 1352 718 1426 Lennepinm,
741 1355 791 1425 qui
811 1353 1009 1426 adstipulante
1027 1351 1177 1425 Dorvillio‚
1197 1352 1228 1411 id
1247 1352 1324 1425 qood

195 1448 292 1505 ctiam
318 1447 347 1503 in
366 1446 400 1504 M
421 1453 515 1517 extat,
541 1444 675 1524 ξυνήονες
700 1462 736 1505 ex
760 1447 926 1505 coniectura
949 1446 1092 1519 reposuit;
1113 1477 1149 1488 -
1172 1441 1262 1522 ἄμφω
1280 1445 1323 1518 Μ,

192 1535 295 1616 ἔργον
314 1557 367 1615 pro
388 1538 500 1615 ἀνδρῶν
520 1541 593 1601 coni.
628 1540 770 1599 Teurnier
788 1557 818 1612 p.
839 1547 885 1612 35,
912 1538 978 1598 fort.
1003 1545 1092 1611 recte,
1116 1536 1168 1597 cir.
1188 1534 1323 1614 ξυνήονας

191 1627 296 1708 ,ἔρρων
316 1634 385 1693 Hos.
403 1633 512 1707 Thcog.
533 1640 598 1692 595.
613 1639 678 1693 601.
701 1665 734 1674 -
757 1631 820 1690 288
838 1628 993 1708 θήλεύοοσι
1004 1631 1045 1703 R3
1066 1628 1266 1703 άάανατοίΜς
1284 1660 1322 1673 -

193 1724 265 1786 ’289
285 1722 326 1784 ὡν
346 1725 376 1784 οἱ
391 1745 444 1794 μεν
462 1726 508 1795 Μ,
535 1717 572 1783 ὧν
590 1723 608 1782 ὁ
624 1722 679 1801 μὲν
702 1725 769 1783 rell·
789 1724 873 1784 codd.
893 1731 925 1783 et
948 1724 1014 1783 edd.
1038 1740 1153 1797 omnes,
1180 1716 1215 1780 ὧν
1234 1720 1252 1781 ὃ
1268 1723 1322 1799 μὶν

190 1821 290 1879 tacite
316 1819 433 1893 scripsit
456 1819 604 1878 Hermann
628 1835 657 1893 p.
679 1824 730 1877 20v
764 1816 883 1894 ὃάρήτα
902 1818 938 1890 Α,
958 1814 1078 1894 δάμήτὰ
1099 1818 1138 1890 Q3
1157 1835 1258 1895 τειχεα
1274 1818 1322 1894 Μ;

201 1944 239 1955 -
265 1910 332 1971 290
357 1932 457 1991 τειχεα
478 1910 677 1989 μαρμαίροντα
701 1908 739 1968 τὰ
763 1908 910 1967 mendo
933 1909 975 1968 Μ.
1015 1909 1086 1969 Post
1108 1910 1185 1970 hnnc
1208 1926 1321 1970 versum

190 2008 323 2065 lacunae
343 2006 428 2080 signa
447 2011 605 2080 posuerrmt
618 2005 740 2066 Beldrer·
756 2012 787 2064 et
803 2004 907 2063 Lehrs.
937 2004 984 2063 De
1002 2020 1055 2064 vv.
1069 2002 1142 2063 289.
1164 2001 1230 2063 290
1249 2003 1322 2064 lraec

191 2097 333 2158 *Graefius
353 2116 382 2172 p.
397 2106 468 2158 254:
491 2099 613 2172 »Aptius
627 2097 703 2158 foret
722 2095 769 2154 οἷοι
783 2094 839 2173 ,μὲν
852 2094 898 2171 ήμ.
912 2114 938 2155 v.
953 2113 1013 2168 seq.
1026 2095 1135 2170 pendet
1148 2096 1185 2155 ab
1198 2100 1321 2158 auctori-

191 2198 263 2250 ·tete
285 2191 354 2250 (lod.
368 2191 421 2260 Μ.,
440 2208 477 2250 an
496 2191 696 2267 μαρμαιροντα
714 2191 856 2262 vulgatae
873 2188 1016 2263 praeferri
1034 2195 1189 2249 mereatur.
1219 2190 1321 2251 (laete-

190 2303 264 2344 rnm
284 2287 353 2358 quid
378 2293 444 2359 post
470 2286 546 2344 hunc
570 2302 683 2344 versum
710 2284 861 2357 exciderit,
878 2284 1052 2357 intelligitur
1071 2299 1088 2342 e
1112 2300 1139 2342 v.
1159 2290 1215 2343 310
1235 2299 1258 2342 s.
1278 2286 1320 2343 ni·

192 2380 303 2437 mirum
323 2379 466 2439 distichon
485 2377 664 2437 huiusmodi:

353 2488 473 2546 πολλάκι
493 2485 520 2545 δ’
544 2484 575 2546 ἐν
595 2485 705 2565 σύριγγι
724 2485 868 2566 λιγύπνοον
887 2485 989 2563 ἆσθμα
1008 2488 1145 2557 τιταίνων,

353 2582 397 2648 εἰς
417 2581 501 2660 νομὸν
520 2580 708 2640 εῖλιπάδεσσιν
728 2578 875 2658 ἐφέσπετο
890 2579 990 2655 βουσὶν
1006 2578 1158 2654 ἈπόλλωνἸ

194 2701 251 2759 =ubi
264 2703 421 2775 repetitum
430 2698 569 2759 Ἀπόλλων
583 2717 710 2761 errorem
729 2701 872 2775 peperite
901 2701 997 2759 Aliter
1015 2699 1053 2758 de
1072 2699 1210 2759 hocloco
1230 2699 1321 2759 sensit

197 2794 350 2853 Hermann
369 2812 398 2870 p.
414 2803 466 2855 20:
489 2795 634 2868 »quamvis
654 2795 751 2853 multis
771 2796 805 2852 in
821 2794 893 2852 locis
912 2794 1043 2851 mutilum
1064 2792 1176 2852 sithoc
1195 2808 1320 2863 carmen,

194 2895 298 2946 umen
316 2892 385 2962 post
403 2888 456 2947 hos
476 2904 576 2948 versus
598 2888 648 2959 qui
667 2886 776 2958 aliquid
790 2886 931 2944 excidisse
944 2892 1057 2959 putant,
1078 2902 1113 2944 eo
1126 2886 1228 2958 opinor
1240 2885 1320 2957 moti,

195 2980 280 3053 quod
299 2998 385 3054 quum
406 2977 423 3037 c
441 2977 494 3056 μὲν
514 2980 621 3039 dixerit
641 2985 744 3053 poete,
771 2978 878 3037 deinde
895 2978 1032 3051 Neptuno
1052 2977 1139 3036 otiam
1158 2976 1320 3050 Apollinem

196 3073 350 3145 adiunget,
364 3073 449 3131 nimis
459 3073 573 3145 rigidas,
581 3072 653 3130 mihi
664 3071 800 3130 videntur
812 3070 932 3130 dictioni
944 3071 1076 3145 poeticae
1088 3071 1170 3143 leges
1183 3069 1319 3129 scribere.

197 3166 233 3225 si
252 3171 351 3225 tamen
371 3165 481 3238 aliquid
502 3165 618 3234 excidit,
639 3163 765 3223 nonfuit
779 3163 912 3236 idedun,
932 3162 1039 3236 siquid
1052 3163 1216 3237 egovidcm
1235 3177 1319 3235 qnam

202 3275 276 3317 unns
297 3275 412 3331 versus,
439 3258 476 3316 de
501 3274 558 3330 quo
580 3258 679 3316 nescio
699 3273 737 3314 on
756 3256 868 3328 aliquid
884 3256 985 3314 indicii
1003 3254 1093 3314 iaciat
1111 3257 1255 3328 scriptura
1273 3271 1321 3314 co·

195 3352 272 3411 dicis
291 3352 366 3411 Mul.
387 3353 435 3425 qni
455 3370 509 3426 pro
526 3348 566 3428 μή
585 3351 720 3408 πίπτοντα
741 3349 860 3409 cxliibot
873 3346 1080 3426 μιφμαζοοντα.
1114 3347 1148 3406 Id
1167 3346 1320 3406 Beklierns

196 3447 263 3504 iure
275 3445 444 3519 posthabuit
458 3445 602 3518 vulgatae,
623 3460 697 3516 quae
710 3444 799 3503 multo
813 3442 916 3503 fortior
929 3447 983 3501 est.
1014 3441 1089 3514 Quid
1102 3457 1171 3500 vero
1185 3439 1210 3498 si
1223 3448 1320 3499 tamen

200 3555 269 3599 vera
290 3546 335 3599 est
355 3539 463 3600 codicis
482 3540 561 3597 illius
581 3539 744 3612 scriptura.
760 3537 911 3597 oomnncta
930 3535 1047 3609 quidem
1066 3551 1130 3593 cum
1149 3533 1281 3607 vulgate:

403 3644 444 3705 ὧν
464 3644 553 3724 ὃμὲν
572 3644 712 3724 ήμοτέρής
732 3643 888 3723 δωμήσατο
905 3645 1007 3724 τείχεα
1025 3643 1143 3721 πάτρης,

402 3738 504 3817 τείχεα
521 3737 743 3815 μαρμαίροντα,
755 3734 922 3794 Ποσειδάων
942 3734 991 3793 καὶ
1006 3733 1154 3809 Ἀπόλλων,

404 3831 504 3911 τείχεα
521 3829 560 3909 μή
580 3826 715 3890 πίπτοντα
745 3872 765 3887 ..
793 3871 809 3885 ..
841 3872 848 3887 .
888 3872 897 3886 .
936 3871 944 3887 .
984 3871 992 3887 .
1032 3872 1039 3888 .
1079 3872 1086 3887 .
1126 3851 1152 3886 ,ι

201 3944 318 4017 Optime
338 3942 375 4003 de
394 3943 450 4003 hoc
468 3943 532 4001 loco
552 3943 693 4001 indicavit
707 3940 868 4002 Schneider
884 3958 913 4015 p.
927 3948 997 4001 413:
1020 3941 1227 4000 »certissimum
1245 3946 1320 4000 este

199 4053 244 4096 vv.
265 4043 321 4097 309
334 4044 431 4096 -311
451 4036 634 4096 intercidisse
662 4036 719 4094 hic:
729 4035 871 4109 Apollinis
892 4050 997 4107 greges
1016 4033 1156 4094 Troianos
1175 4032 1320 4107 poscentis

199 4130 374 4189 memoriam.
415 4128 468 4188 sed
487 4128 572 4203 plura
592 4131 682 4189 etiam
708 4129 926 4191 intemidcrnnt
956 4128 1086 4187 nterim
1105 4141 1246 4185 numeres
1265 4133 1319 4193 est,
