3208 4848
617 413 852 478 -109-

176 599 230 642 om.
253 584 293 656 Ως
314 614 349 624 -
369 581 433 641 330
459 577 625 658 ἀπάτερθεν
648 581 695 654 Μ,
720 576 883 658 ἑκάτερθεν
907 582 972 656 ΟΡ;
997 581 1042 640 ἐπι
1065 583 1204 656 uentu
1228 603 1298 661 apoc

176 674 307 753 θύραισιν
331 676 364 734 Μ
389 682 419 735 et
448 676 529 748 edd,
558 672 735 753 προθόρήσιν
760 675 1000 747 ALNQRSW,
1029 674 1203 754 πουθύρήσιν
1231 677 1298 747 0P;

176 767 317 843 ἐλλριίκειν
336 769 383 841 Μ;
409 801 444 811 -
469 767 527 827 331
551 764 682 846 ἐρμιονῆν
701 766 749 839 Μ,
773 764 907 846 ἐρριόνήν
928 769 964 841 0,
984 766 1123 848 ἑρμιώνήν
1143 772 1181 843 Ρ;
1201 788 1297 827 στενο-
1402 837 1406 847 .

174 881 287 942 χυυσαν
299 862 341 936 Μ,
362 860 559 941 στονάχουσαν
580 877 615 920 ex
635 858 837 938 στανάχυυσαν
854 860 891 933 03
910 861 1096 939 επειρήσαντυ
1110 864 1143 921 Μ
1149 882 1156 935 ;
1177 896 1214 907 -
1233 861 1297 922 882

176 954 361 1030 postremo
380 955 640 1030 interpunctionem
662 954 761 1013 notavi
782 970 818 1012 ex
836 953 997 1027 LNPos3
1019 953 1094 1032 γόων
1108 957 1180 1028 Ao,
1200 951 1300 1034 ὠχετυ

176 1051 217 1112 Μ
256 1049 327 1110 Post
350 1049 425 1108 hunc
449 1063 563 1107 versum
588 1048 618 1104 in
636 1046 670 1104 Μ
690 1047 822 1120 sequitur
841 1063 867 1104 v.
889 1052 953 1111 345.
975 1080 1012 1089 —
1032 1046 1091 1106 333
1118 1047 1241 1128 νοσιήσή
1263 1050 1299 1119 G,

177 1143 310 1220 νοστείσή
325 1141 363 1213 03
382 1139 550 1217 παλίνορσον
563 1139 667 1211 LQR,
691 1137 753 1196 ἐπεὶ
772 1138 856 1197 codd.
878 1139 949 1197 dett.
971 1143 1002 1198 et
1022 1139 1087 1199 edd.
1103 1147 1170 1199 unte
1184 1142 1302 1202 Bekkee

176 1253 254 1308 rum,
279 1237 328 1308 qui
353 1229 397 1291 ἔτι
416 1234 533 1306 scripsit
558 1250 593 1293 ex
616 1234 662 1305 M,
688 1234 794 1305 inquo
819 1230 864 1290 ἐτι
885 1240 937 1294 est.
977 1231 1233 1314 κλαιουσάνοήσεις
1256 1237 1300 1308 M,-

181 1329 337 1387 κλαίυυσαν
360 1327 512 1400 (κλαίουσα
535 1327 563 1385 A
586 1331 654 1385 ante
679 1332 766 1397 corr.)
796 1324 891 1404 νοήσει
916 1326 998 1390 codd.
1024 1328 1095 1388 dett.
1122 1336 1239 1402 praeter
1263 1330 1300 1401 G,

178 1428 209 1483 et
228 1421 295 1481 edd.
316 1427 383 1480 ante
396 1420 574 1491 Bekherum,
594 1425 712 1492 praeter
731 1419 840 1492 Steph,
860 1420 1001 1492 Lectium,
1022 1422 1139 1479 Portum
1161 1429 1191 1479 et
1203 1423 1298 1481 Ecba·

177 1533 244 1575 num
257 1515 390 1588 Hessum,
411 1516 459 1586 qui
475 1513 551 1587 quo‘d
569 1515 744 1586 Anonymns,
764 1513 914 1574 Brodaeus
935 1521 965 1573 ct
977 1515 1114 1574 Neauder
1135 1514 1176 1585 (iu
1196 1531 1298 1589 marg,

178 1609 230 1669 sed
253 1607 305 1666 οἴει
324 1610 452 1681 scripsit)
473 1608 656 1667 coniecerunt
676 1610 706 1664 et
726 1606 752 1665 G
772 1622 884 1678 quoque
904 1595 1000 1678 hahet,
1022 1602 1096 1664 ὀίσει
1114 1617 1297 1683 receperunt.

179 1702 318 1762 Prohavit
329 1702 384 1761 hoc
397 1700 563 1772 Dorvillius,
577 1701 626 1771 qui
639 1706 794 1774 praeterea
808 1700 844 1758 de
858 1698 935 1781 νώσή
949 1701 1105 1774 cogitabat,
1126 1707 1156 1760 et
1168 1703 1297 1777 Leunep,

178 1797 228 1869 qui
248 1796 360 1870 etipse
381 1795 466 1853 aliam
488 1796 562 1852 viam
580 1795 726 1866 ingressus
747 1789 809 1850 ἐπεὶ
828 1794 934 1851 κλαίειν
953 1814 989 1851 σε
1010 1793 1104 1874 νοήσει
1124 1796 1296 1856 coniecerat.

179 1888 365 1960 Falkeuhurg
378 1884 439 1944 ἐπεὶ
453 1886 590 1943 κλαίουσα
603 1885 701 1965 νοήσει
715 1888 933 1960 commendavit,
947 1889 1023 1960 quod
1038 1889 1211 1962 improbavit
1223 1889 1299 1948 Len·

179 1997 244 2056 nep,
264 1981 451 2039 »Hermiones
466 1980 549 2049 enim,
570 1995 627 2037 non
643 1996 711 2038 vero
725 1979 865 2053 Helenae,
886 1987 984 2055 partes
998 1981 1045 2039 hic
1059 1988 1142 2040 erant
1156 1982 1296 2057 plorare«

179 2075 285 2143 Julien,
310 2090 347 2132 ne
367 2074 479 2132 scilicet
498 2069 596 2151 νοήσει
615 2072 729 2132 obiecto
749 2079 857 2145 careat,
882 2074 945 2132 colo
965 2081 1031 2148 post
1051 2072 1183 2153 νοστήσει
1203 2077 1298 2150 posito

181 2185 216 2227 cx
235 2167 326 2239 LQR
344 2166 511 2242 παλίνορσον
532 2166 645 2241 recepit
665 2172 777 2225 etcum
798 2162 893 2242 νοήσει
913 2168 1067 2225 coniunxit.
1102 2169 1195 2226 Lehrs
1216 2166 1296 2245 νοσή-

181 2280 242 2326 σεις
254 2260 412 2319 Hermonni
432 2261 627 2318 coniecturam
649 2264 690 2334 (p.
708 2263 757 2329 21)
777 2260 896 2333 recepit,
919 2259 956 2317 de
976 2275 1032 2330 qna
1046 2267 1125 2319 recte
1141 2260 1299 2319 Schneider

180 2370 208 2431 p.
230 2360 286 2413 445
307 2353 461 2412 iudicavit:
489 2369 571 2410 cnam
597 2350 732 2430 νοσήσεις
757 2358 816 2410 tum
838 2353 952 2410 demum
972 2369 1071 2411 verum
1092 2360 1183 2426 esset,
1204 2355 1229 2411 si
1250 2371 1298 2412 ne·

181 2448 307 2506 cessario
327 2447 381 2506 hoc
401 2446 544 2504 distichon
564 2461 627 2503 cum
654 2444 840 2516 sequentibus
865 2445 995 2503 versibus
1021 2453 1099 2505 esset
1125 2448 1298 2521 coniungam

181 2541 248 2599 dum
269 2542 318 2598 uhi
339 2557 430 2615 genae
449 2540 549 2599 labare
569 2541 700 2612 oculique
724 2542 913 2611 languescere
934 2540 1076 2598 dicuntur.
1106 2558 1182 2600 nunc
1203 2548 1299 2601 autem

182 2634 252 2693 nihil
273 2634 395 2710 impedit
413 2635 481 2706 quin
505 2634 742 2694 antecedentibus
763 2634 942 2703 adnectatur,
964 2635 1013 2694 ubi
1034 2635 1146 2694 Helena
1167 2651 1232 2694 mox
1255 2653 1301 2694 re·-
1355 2706 1358 2709 ¹

182 2727 279 2787 ditura
303 2727 433 2786 dicitur«
460 2760 498 2769 -
522 2726 584 2785 334
609 2722 758 2804 adpopulos·
777 2727 823 2799 M3
849 2724 913 2806 οὐχ’
939 2727 970 2787 (λ.
1012 2728 1094 2787 »Etsi
1121 2730 1225 2805 γοεραί
1243 2729 1301 2787 dici

153 2814 159 2827 '
182 2821 276 2895 potuit
288 2838 342 2896 pro
356 2819 402 2878 σολ
416 2823 511 2899 γοερή,
522 2821 689 2878 concinnius
703 2826 799 2878 tamen
812 2819 888 2878 foret
898 2818 1002 2896 ῥόδεαι
1015 2820 1050 2877 cf.
1062 2837 1159 2893 sequ«
1181 2817 1300 2881 Graes⁴

182 2929 211 2987 p.
233 2920 297 2971 255.
318 2946 346 2955 -
372 2932 425 2988 μεν
449 2908 598 2988 ἐπιμόσυσι
617 2911 658 2985 Μ,
678 2911 755 2969 unde
774 2907 932 2988 ἐπήριίουσι
957 2912 1068 2986 scripsi,
1094 2930 1157 2970 cum
1182 2914 1301 2972 verbum
1388 2906 1394 2911 ’

181 3003 296 3084 ὁπήρύιυ
321 3023 442 3078 nusqnm
468 3007 646 3080 reperiatur,
671 3005 726 3062 nisi
751 3003 825 3063 forte
844 3001 963 3063 formam
981 3004 1163 3064 Homericam
1185 3004 1301 3087 ὑπεμνή-

178 3114 254 3173 μυκε
273 3099 338 3157 hine
359 3098 491 3158 derivare
512 3100 593 3158 velis.
623 3096 816 3173 ὑπορίουσιῦ
837 3114 872 3157 ex
890 3096 982 3175 ὑπήμ,
1005 3094 1180 3177 ὁπημιίουσαι
1192 3101 1301 3175 PSW,

181 3189 336 3269 λιπήμύυυσι
357 3193 419 3250 rell.
441 3192 525 3250 codd.
545 3197 575 3250 et
595 3192 660 3252 cdd.
680 3209 788 3263 omnes,
808 3193 885 3264 quod
907 3191 1036 3252 defendit
1055 3194 1196 3253 Touruier
1214 3212 1244 3269 p.
1263 3202 1300 3254 40

180 3285 255 3345 hunc
279 3285 398 3345 Homeri
423 3302 537 3344 versum
564 3286 609 3356 (Il.
633 3287 718 3344 XXII
744 3291 827 3356 soll:
852 3285 942 3344 πάντα
966 3283 995 3344 δ’
1030 3285 1224 3366 ὑπεμνήμυκε,
1254 3285 1300 3344 δε-

181 3375 336 3453 δάκρυνται
359 3376 393 3436 δὲ
418 3379 573 3456 asperula
600 3378 732 3439 Collutho
762 3380 901 3439 imitando
927 3396 1093 3456 expressum
1121 3386 1299 3450 asserebas,

181 3476 342 3547 praecunte
357 3470 498 3532 Guilelmo
511 3470 662 3531 Dindorlio
678 3473 707 3529 in
721 3473 875 3531 novissima
888 3473 1030 3532 Thesauri
1050 3472 1185 3532 editione.
1206 3471 1300 3543 Lege·

181 3565 267 3623 bctor
285 3565 315 3622 in
334 3564 418 3624 codd.
438 3572 468 3624 et
489 3566 554 3625 cdd.
574 3566 755 3625 omnihus-
772 3585 837 3624 υυσι
855 3565 1012 3642 παρειαία
1029 3573 1093 3639 334,
1115 3571 1146 3624 et
1167 3599 1200 3608 -
1221 3584 1301 3623 ουσιν

181 3654 299 3730 ὂπιρπαί
311 3674 337 3715 v.
358 3666 429 3731 3353
455 3660 507 3718 sed
532 3675 665 3718 versuum
688 3661 832 3719 clausulas
852 3660 994 3736 probante
1015 3662 1103 3720 etiam
1124 3658 1300 3720 schneidero

180 3765 250 3809 rec.
276 3768 305 3825 p.
327 3757 390 3810 194.
419 3760 472 3812 195
499 3757 579 3811 recte
604 3754 783 3827 transposuit
806 3753 948 3812 Tonmier
971 3770 1000 3830 p.
1024 3761 1076 3826 40,
1101 3753 1211 3811 ubine
1237 3753 1301 3825 quis

181 3842 279 3921 γοεραλ
298 3846 391 3903 minus
411 3851 479 3921 apte
500 3846 537 3904 ad
558 3840 668 3904 ὀπωπαί
688 3844 792 3905 referri
811 3862 896 3919 posse
917 3846 1033 3919 obiciat,
1053 3844 1164 3905 confert
1186 3846 1240 3905 Od.
1261 3842 1301 3904 IV

182 3940 237 3997 ‘158
258 3935 353 4016 σχέθε
372 3932 402 3995 d'
421 3934 494 3996 doce
516 3937 603 4016 γόοιο,
621 3940 713 3999 Noun.
730 3939 815 3998 Dion.
830 3939 870 3998 IV
884 3945 920 3998 64
941 3937 1079 4016 γοήμυνος
1098 3935 1207 4015 ὄμβρον
1227 3937 1301 3996 ὅπου·

180 4031 242 4108 πῆς,
264 4032 330 4090 aliu.
353 4063 387 4074 -
408 4030 468 4090 336
488 4032 580 4090 πυκνὰ
599 4031 633 4091 δὲ
652 4034 685 4091 M
702 4041 716 4092 1
739 4049 774 4093 cx
794 4032 906 4091 πυκνὰσ
918 4051 948 4106 ες
968 4053 1055 4110 πικρα
1070 4034 1103 4108 V,
1122 4032 1210 4110 πικρὰ
1224 4033 1301 4106 SW,

181 4122 258 4195 quod
284 4140 341 4184 non
368 4125 517 4198 inelegans
543 4140 606 4184 esse
631 4126 769 4186 iudicavit
793 4128 922 4204 Leunep,
960 4124 1056 4203 πυκρὰ
1081 4127 1118 4198 Ρ,
1143 4124 1236 4204 συχνὰ
1261 4127 1301 4197 L;
