3210 4836
741 403 953 466 -64..

288 586 444 661 vmgatam
465 589 508 647 sic
521 589 730 662 interpretatus
744 594 797 657 est,
818 605 876 647 non
888 586 974 662 male,
994 589 1091 648 iudice
1107 588 1256 661 Lennepio
1272 593 1303 647 et
1316 604 1417 647 assen-

283 683 376 741 tiente
396 683 484 741 etiam
497 683 643 756 Harlesio‚
664 682 830 741 Brodaeus:
854 688 934 739 »tum
948 682 1140 754 posteriorem
1154 688 1216 741 tum
1236 682 1411 741 anteriorem

283 777 366 849 pedis
392 775 513 849 figuram
538 778 645 848 vidit‹;
677 777 764 835 etiam
791 776 884 834 Inlien
915 778 1079 849 genetivum
1108 773 1230 853 πτέρνης
1261 790 1354 847 aeque
1380 791 1416 833 ac

283 868 400 946 ταρσῶν
426 870 462 928 ab
489 866 564 948 ἴχνια
589 887 659 930 voce
679 869 808 942 pendere
833 869 976 927 intellexit
1002 874 1118 928 secutus
1139 886 1157 927 a
1178 868 1315 940 Lebrsi03
1339 869 1411 927 nihil

284 980 354 1036 ergo
374 963 543 1034 invulgata
567 963 692 1022 lectione
717 962 894 1022 mutandum.
934 963 1006 1021 Tum
1036 981 1062 1022 v.
1080 965 1132 1022 137
1154 964 1275 1036 copulae
1296 960 1413 1022 defectu

282 1058 345 1115 iure
366 1056 491 1115 offensus
509 1055 586 1134 χειρὶ
607 1056 641 1115 δὲ
660 1075 713 1131 pro
732 1057 841 1136 χειρῶν
862 1058 934 1114 coni.
949 1057 1078 1131 Lennep,
1094 1074 1254 1130 provocans
1276 1057 1314 1115 ad
1334 1073 1360 1114 v.
1375 1063 1415 1116 62

281 1148 361 1228 χειρὶ
374 1147 408 1208 δὲ
422 1148 569 1227 δινήσασα,
590 1169 615 1210 v.
633 1155 687 1211 157
700 1151 779 1230 χειρὶ
793 1148 819 1209 δ’
844 1148 1051 1227 ἐλαφρίζουσα,
1075 1169 1102 1209 v.
1119 1154 1174 1210 170
1186 1149 1263 1229 χειρὶ
1277 1148 1311 1208 δὲ
1322 1149 1412 1228 μῆλον

283 1239 411 1323 ἔχουσα,
434 1244 486 1302 sed
506 1247 570 1303 iure
590 1245 740 1304 oblocutus
761 1251 807 1304 est
826 1246 931 1318 iulien,
954 1250 1034 1304 recte
1052 1244 1162 1322 χειρῶν
1181 1240 1288 1301 ἑλοῦσα
1302 1249 1411 1316 ayant

281 1338 360 1409 pris
380 1353 445 1410 par
464 1338 499 1395 la
518 1339 629 1407 main,
646 1344 685 1399 ,et
702 1337 782 1415 χειρὶ
804 1335 912 1395 ἑλοῦσα
932 1344 1042 1411 ayant
1060 1339 1137 1412 pris
1157 1353 1246 1396 avec
1265 1354 1304 1396 sa
1322 1338 1414 1395 main

282 1436 398 1489 vertens
423 1436 454 1489 et
478 1432 545 1490 huic
577 1432 640 1491 loco
671 1433 751 1505 prius
783 1439 894 1490 tautum
921 1431 1169 1492 accommodatum
1196 1447 1261 1489 essa
1284 1446 1413 1489 monens.

282 1524 442 1583 Praeterea
468 1522 629 1601 μειδιόωσα
659 1543 712 1599 pro
741 1524 916 1602 μειδιόωντα
945 1527 1058 1599 recepit
1087 1525 1180 1584 Iulian
1210 1541 1246 1584 ex
1270 1525 1413 1597 Anonymi

283 1619 462 1690 coniectura,
495 1635 580 1690 quam
605 1621 676 1678 satis
703 1620 958 1679 commendabilem
985 1636 1049 1677 esse
1073 1619 1193 1693 Lennep
1220 1634 1335 1692 quoque
1359 1635 1414 1691 pu·

282 1712 366 1771 tabat
386 1714 645 1784 »quemadmodum
658 1731 744 1773 versu
760 1723 813 1774 156
829 1716 865 1773 de
879 1715 992 1773 Venere
1016 1717 1078 1770 τοῖα
1098 1711 1132 1770 δὲ
1149 1711 1310 1789 μειδιόωσα
1323 1730 1412 1789 πρασ-

282 1803 380 1863 έννεπε
406 1804 594 1884 μηλοβοτῆρα
624 1814 656 1867 ut
681 1810 754 1867 adeo
786 1809 822 1867 de
848 1809 981 1868 Minerva
1005 1807 1111 1867 blando
1135 1808 1197 1865 risu
1227 1812 1257 1865 et
1277 1806 1411 1866 mollibus
1458 1796 1467 1813 ⁰

282 1898 377 1957 verbis
391 1900 527 1959 Paridem
547 1902 585 1960 ad
605 1901 733 1962 favorem
754 1904 938 1978 suiallicere
959 1904 1093 1978 cupiente
1114 1901 1304 1973 intelligatur.
1339 1900 1411 1960 Gum

282 1998 378 2051 tamen
396 1993 509 2068 μειδιᾶν
549 1996 657 2054 Veneri
684 2002 714 2055 et
741 1997 904 2055 delicatulis
925 1996 1104 2057 amatoribus
1130 1995 1335 2069 potiusquam
1354 1994 1411 2051 Mi·

282 2101 389 2145 nervae
415 2089 453 2146 sit
472 2091 635 2163 proprium,
654 2089 723 2149 *fieri
744 2096 859 2163 posset,
884 2097 917 2148 ut
942 2091 980 2149 de
1006 2090 1150 2148 industria
1174 2089 1326 2162 scripserit
1348 2107 1409 2164 μει-

282 2177 416 2256 διόωντα,
437 2184 544 2256 quippe
565 2184 696 2257 apprime
716 2183 817 2242 Paridi
836 2191 896 2243 tam
922 2185 1056 2257 egregias
1084 2183 1204 2241 dearum
1226 2180 1333 2241 formas
1352 2197 1410 2242 non

282 2281 394 2333 tantum
416 2278 636 2350 contemplanti,
663 2278 716 2336 sed
742 2285 772 2337 et
797 2266 934 2336 iudicium
959 2278 997 2336 de
1022 2278 1058 2335 iis
1079 2275 1184 2334 ferenti
1209 2276 1409 2334 conveniens«.

236 2350 247 2365 ’
280 2367 315 2425 In
335 2369 431 2427 omnia
450 2371 508 2428 alia
522 2370 594 2428 abiit
608 2368 739 2429 Graefius
759 2388 787 2443 p.
803 2377 875 2429 246:
903 2370 1047 2428 »Primum
1066 2371 1171 2443 copula
1191 2369 1283 2442 deest,
1304 2367 1411 2427 deinde

281 2463 416 2535 particip.
436 2462 611 2538 μειδιόωντα
630 2464 677 2523 bic
696 2481 753 2524 non
773 2465 858 2523 nimis
879 2469 979 2537 aptum
1001 2469 1059 2534 es13
1086 2461 1214 2534 accedit,
1240 2463 1269 2518 in
1290 2461 1353 2521 cod.
1368 2461 1410 2518 M.

282 2558 368 2615 aliam
389 2555 407 2614 l.
428 2558 580 2617 lectionem
601 2559 703 2616 latere.
745 2558 994 2631 simplicissimum
1020 2561 1114 2615 esset:
1140 2553 1189 2612 καὶ
1212 2555 1322 2634 χειρῶν
1343 2554 1411 2630 μέλ·

283 2649 368 2707 λοντα
388 2648 445 2707 δικ.
467 2650 519 2708 sed
541 2667 557 2709 e
577 2650 697 2710 divulsis
710 2651 805 2709 literis
820 2650 882 2710 cod.
897 2649 938 2709 M.
954 2649 1053 2707 elicias
1071 2648 1181 2726 χερῶν
1202 2644 1234 2704 δ’
1254 2644 1411 2705 ελλινόοντα

282 2760 308 2801 ν.
329 2738 491 2801 ἐλλινόοντα
520 2746 546 2803 si
575 2746 692 2820 obloqui
721 2749 791 2806 licet
815 2747 893 2806 Viris
920 2746 1012 2806 doctis
1038 2742 1088 2815 qui
1108 2762 1118 2796 ι
1136 2742 1167 2798 in
1191 2741 1219 2799 h.
1240 2757 1266 2799 v.
1286 2739 1409 2821 produci

281 2837 505 2910 contenderunt;
531 2855 597 2897 nam
615 2836 741 2919 χειρὶδ
765 2836 919 2911 ἐλινύοντα,
945 2838 991 2896 vel
1008 2833 1087 2915 χερὶ
1106 2830 1141 2890 δὲ
1161 2830 1255 2890 δειλὸν
1275 2825 1363 2888 ἐόντα
1382 2849 1409 2889 v.

281 2927 460 3007 δειμαίνοντα
484 2938 517 2989 ut
541 2949 567 2989 v.
584 2939 638 2991 123
665 2940 706 2990 et
720 2939 775 2992 126
802 2933 859 2990 iam
889 2930 1004 3003 longius
1035 2927 1175 2987 recedit«.
1215 2925 1309 2985 Lehrs
1335 2925 1410 2984 Her·

281 3038 414 3081 mannum
434 3031 551 3084 secutus
575 3031 635 3093 est,
661 3027 710 3099 qui
728 3033 871 3099 p.15.16
892 3041 992 3084 versus
1015 3026 1078 3084 137.
1095 3029 1149 3082 138
1170 3020 1263 3079 tribus
1289 3020 1408 3079 allectos

282 3132 347 3195 esse
367 3117 446 3175 vitiis
468 3118 631 3179 contendit:
654 3120 764 3192 »primo
785 3118 861 3191 quod
881 3134 937 3177 non
952 3122 1019 3175 sunt
1038 3131 1114 3174 nexa
1132 3113 1345 3188 superioribus;
1365 3130 1409 3173 se-

281 3210 375 3269 cundo
395 3212 473 3285 quod
497 3230 554 3272 non
580 3219 704 3287 apparet
728 3229 779 3271 cur
799 3212 882 3270 Paris
909 3210 1019 3282 rideat;
1046 3210 1134 3268 tertio
1160 3207 1238 3281 quod
1257 3208 1409 3266 Minervae

280 3319 435 3379 personam
455 3304 579 3363 dedecet
597 3304 646 3362 hic
665 3304 849 3377 supplicandi
873 3303 985 3362 modus.
1025 3303 1052 3362 Ε
1073 3301 1136 3361 cod.
1157 3302 1235 3360 Μαι.
1256 3300 1408 3376 scripturis

277 3397 343 3473 μειλ
363 3416 377 3455 ν
397 3415 467 3455 εντα
488 3402 518 3456 et
537 3397 567 3454 in
586 3396 643 3456 fine
663 3414 762 3457 versus
782 3394 909 3478 ἐλόσσης
927 3414 1031 3458 vereor
1045 3402 1078 3455 ut
1091 3394 1202 3468 aliquid
1223 3396 1286 3453 erui
1304 3394 1408 3469 possit.

280 3489 351 3549 Fuit
369 3490 448 3548 haud
468 3488 555 3573 dubie
574 3504 629 3561 pro
648 3490 703 3549 hoc
722 3505 809 3548 versu
828 3491 908 3549 aliud
927 3490 997 3564 quid
1012 3490 1156 3565 scriptum
1177 3505 1195 3547 a
1214 3495 1317 3564 poeta:
1344 3489 1408 3562 ipse

281 3598 381 3667 versus
402 3588 499 3640 autem
520 3588 550 3640 et
570 3584 710 3654 genuinus
731 3589 777 3642 est
797 3592 827 3642 et
847 3586 1025 3658 aptissimae,
1051 3585 1076 3642 si
1096 3584 1126 3641 in
1146 3585 1241 3643 locum
1261 3599 1343 3641 suum
1360 3597 1409 3645 ¹re·

280 3681 405 3752 ponatur
424 3681 492 3749 pcvt
511 3682 609 3735 v.158
631 3676 680 3735 ubi
693 3675 730 3736 de
744 3677 859 3737 Venere
878 3678 1073 3752 impudentius
1093 3678 1219 3736 instante
1229 3692 1328 3735 sermo
1349 3679 1408 3733 est:

434 3820 498 3876 τοῖα
517 3819 551 3878 δὲ
567 3820 730 3899 μειδιόωσα
748 3798 925 3900 προσέννεπε
937 3821 1137 3902 μηλοβοτῆρα,
1185 3886 1187 3891 .

432 3912 541 3990 χειρῶν
558 3913 733 3992 μειδιόωντα
752 3914 834 3993 δίκης
853 3912 1046 3993 προπάροιθεν
1068 3911 1204 3973 ἑλοῦσαι.

282 4058 363 4132 Quae
389 4056 514 4118 feliciter
537 4058 646 4119 refellit
671 4059 828 4119 Schneider
852 4077 881 4133 p.
895 4066 967 4119 421:
996 4060 1088 4120 »Nam
1112 4061 1189 4134 quod
1215 4062 1408 4132 Hermannus,

280 4153 331 4227 qni
350 4170 377 4210 v.
393 4160 447 4212 136
467 4159 535 4228 post
554 4170 580 4212 v.
596 4160 653 4214 158
672 4155 776 4228 reponi
789 4152 914 4227 volebat,
934 4169 992 4213 uon
1011 4170 1155 4229 apparere
1168 4155 1240 4214 dicit
1259 4168 1311 4214 cur
1324 4153 1408 4213 Paris
