3208 4848
642 414 851 479 ..99-

176 596 261 657 'Nam
283 598 359 670 quod
379 598 420 655 ibi
440 599 469 655 in
490 598 620 657 oratione
634 602 744 670 poetae
758 598 796 656 ed
809 598 924 657 Musam
943 604 1053 657 rectum
1073 599 1120 671 ist,
1140 599 1187 656 hic
1201 599 1240 657 ad
1253 598 1317 657 Pae

187 693 279 750 ridem
306 692 343 749 ab
363 692 477 749 Helena
502 691 716 749 maledicitur.
755 691 829 748 Mihi
854 692 921 751 olim
945 693 976 749 in
1000 698 1123 751 mentem
1149 694 1228 750 venit
1248 690 1310 749 εἰπέ

188 803 219 840 τε
239 781 400 861 φύτληνν.
432 782 599 843 Graeiius
616 801 644 856 p.
666 789 731 842 254.
762 784 820 842 Sed
845 783 943 842 confer
962 786 1120 844 Hermanni
1141 787 1308 859 explicatio·

67 918 71 925 -
187 893 252 936 nem
273 893 362 949 supra
382 894 400 934 a
420 893 465 935 mc
486 877 610 935 allatam.
632 909 670 918 -—
691 874 755 934 269
770 875 870 954 ἀγλαΐη
884 877 930 948 Μ;
950 873 1052 942 ἔοικας
1066 877 1192 956 αριζηλω
1206 880 1253 951 Μ;
1274 912 1306 921 -

191 969 255 1029 270
276 967 415 1046 ἀλλατέην
435 963 541 1026 ohxoid'
560 968 737 1046 ἀράργείοισι
756 966 801 1042 Μ;
822 1003 858 1011 -
881 968 939 1029 271
959 972 1035 1029 huno
1053 988 1166 1029 versum
1190 988 1229 1030 ex
1249 974 1310 1033 solo

191 1065 223 1121 M
247 1062 364 1120 reduxit
386 1061 519 1133 Bekker3
540 1061 564 1119 δ’
587 1059 755 1135 εὐκάμωνος
779 1070 808 1120 et
829 1062 893 1119 οἰδα
916 1063 956 1121 Μ.
1000 1064 1071 1122 Post
1090 1082 1115 1123 ν.
1141 1071 1196 1124 239
1217 1072 1310 1124 trans·

192 1158 298 1230 posuit
311 1157 387 1214 huno
400 1172 512 1214 versum
527 1155 628 1227 Iulien,
649 1173 711 1214 cum
728 1156 757 1213 in
771 1157 911 1229 oratione,
931 1158 960 1213 in
976 1173 1033 1228 qua
1046 1157 1159 1215 Helena
1171 1174 1203 1216 se
1217 1159 1309 1231 ipsam

190 1255 257 1322 post
276 1248 497 1320 unumquodque
517 1265 685 1322 responsum
705 1248 823 1319 refutet,
842 1251 938 1324 priore
951 1251 1014 1310 loco
1032 1250 1089 1309 dici
1103 1251 1209 1310 debeat
1228 1252 1310 1311 novi

191 1347 305 1401 totam
321 1343 555 1401 Deucalionis
572 1348 726 1415 gentem,
746 1345 907 1416 posteriore
921 1349 1017 1403 autem
1031 1344 1094 1403 loco
1111 1344 1173 1403 sed
1193 1350 1228 1402 te
1242 1361 1311 1404 non

190 1437 283 1494 novi.
326 1437 382 1494 »At
406 1452 443 1494 ne
468 1437 510 1493 sic
535 1436 650 1506 quidem
675 1437 837 1507 elegantiae
862 1437 1027 1496 consulitur.
1067 1437 1142 1496 Mihi
1160 1436 1310 1510 ponendus

190 1529 306 1588 uidetur
326 1532 439 1600 [versus
461 1531 527 1602 271]
554 1536 621 1587 ante
641 1547 666 1586 v.
689 1531 743 1589 273
768 1530 850 1603 [nunc
870 1531 937 1604 275]
957 1547 1013 1602 quo
1033 1531 1096 1589 loco
1117 1546 1181 1588 eum
1200 1531 1260 1602 legi
1280 1536 1311 1590 et

189 1640 237 1681 res
260 1628 289 1681 et
312 1623 400 1681 verba
420 1623 592 1695 postulant«
632 1623 809 1681 Hermann
829 1641 857 1696 p.
878 1630 923 1696 19,
945 1628 975 1682 et
993 1625 1035 1681 sic
1053 1624 1231 1697 transposuit
1249 1639 1311 1681 ver·

186 1732 252 1773 sum
275 1716 376 1773 Lehrs.
415 1716 507 1774 Recte
534 1717 680 1788 vulgatum
701 1734 833 1775 versuum
854 1718 983 1776 ordinem
1003 1717 1134 1777 defendit
1153 1717 1315 1777 Schneider-

191 1828 219 1883 p.
235 1817 301 1881 423,
322 1808 371 1867 ubi
391 1810 463 1867 haec
483 1810 519 1866 de
535 1810 693 1867 Hermanni
713 1811 950 1882 transpositione:
975 1816 1022 1868 »at
1035 1811 1161 1869 Phthiae
1174 1810 1312 1869 memoria

188 1921 209 1961 a
227 1903 310 1961 Pelei
330 1908 360 1960 et
378 1902 505 1960 Patrocli
525 1903 704 1973 Aehillisque
729 1905 873 1963 mentione
897 1921 952 1963 non
973 1905 1065 1976 magis
1090 1904 1190 1962 divelli
1214 1908 1312 1977 potest

191 2015 277 2070 quam
298 2014 316 2055 a
338 1998 400 2069 Pyli
425 1998 570 2055 mentione
596 1997 739 2056 disiuncta
765 2003 809 2055 est
833 1998 979 2056 Antilochi
1004 2001 1190 2069 (quamquam
1214 1996 1312 2056 nescio

191 2108 263 2163 quas
294 2089 406 2148 fabulas
441 2097 555 2149 secutus
583 2090 766 2150 Telamonem
796 2108 908 2164 quoque
938 2092 975 2149 ad
1000 2091 1134 2149 Phthiam
1164 2090 1313 2149 rettulerit
1350 2152 1356 2161 Ἰ

194 2183 366 2252 Colluthus).
396 2198 489 2253 neque
515 2188 600 2255 aptus
628 2182 664 2240 ab
686 2183 850 2242 Hermanno
876 2183 1019 2255 expetitus
1044 2184 1124 2241 locus
1149 2184 1244 2240 versui
1268 2181 1312 2239 illi

196 2283 354 2350 propterea
374 2282 427 2346 est,
448 2276 525 2347 quod
545 2277 588 2334 ita
608 2277 829 2348 singularum
850 2277 978 2347 gentium
998 2276 1206 2334 enumerationi
1224 2277 1311 2332 inter·

192 2372 309 2444 ponitur
329 2371 418 2427 totius
437 2370 562 2429 nationis
576 2370 722 2428 memoria.
742 2385 809 2427 nam
822 2367 1021 2434 Δευκαλίωνος
1035 2368 1169 2446 γενέθλην
1184 2367 1311 2427 Graecos

193 2479 291 2522 omnes
320 2461 480 2534 significare
501 2470 633 2537 apertum
653 2464 700 2521 ist.
740 2463 792 2521 sed
817 2465 910 2521 minus
932 2465 1017 2522 etiam
1038 2463 1188 2536 probanda
1207 2460 1313 2518 Iuliani

194 2563 239 2614 est
261 2557 436 2627 coniectura,
457 2557 594 2627 quiante
615 2575 639 2615 ν.
655 2564 711 2616 268
731 2557 864 2615 collocari
885 2558 965 2615 illum
982 2574 1095 2616 versum
1109 2556 1208 2628 voluit,
1229 2554 1312 2625 quasi

192 2665 260 2708 vero
288 2646 486 2713 Δευκαλίωνος
516 2648 635 2728 γενέθλη
665 2650 743 2723 apud
773 2650 850 2708 solos
875 2651 998 2722 Argivos
1028 2650 1151 2723 reperiri
1181 2653 1309 2722 possete

192 2743 284 2800 Recte
306 2724 379 2800 haec
393 2743 558 2817 Schneider,
579 2745 635 2801 nisi
655 2744 732 2815 quod
751 2745 874 2803 iniuram
893 2743 963 2802 fecit
975 2746 1096 2815 Iuliano,
1117 2744 1166 2815 qui
1186 2746 1226 2816 (p.
1245 2745 1312 2813 134)

191 2836 315 2908 Argivos
338 2836 393 2894 hoo
413 2837 475 2895 loco
494 2854 547 2910 pro
561 2837 691 2896 omnibus
705 2838 824 2896 Graecis
840 2837 946 2894 dictum
961 2854 1024 2895 esse
1038 2842 1127 2907 recte,
1147 2840 1227 2907 puto,
1247 2849 1313 2890 cen·

193 2929 258 2985 suit.
302 2930 454 2989 Caeterum
475 2932 587 3002 nescio,
612 2948 649 2989 an
668 2938 735 3004 post
754 2950 779 2990 v.
801 2933 857 2990 270
879 2929 1018 2988 exciderit
1038 2927 1168 3000 aliquod;
1193 2932 1314 2985 sancet

196 3019 333 3099 γενέθλην
352 3024 381 3080 in
403 3023 522 3082 duorum
548 3042 680 3083 versuum
707 3027 786 3083 exitu
805 3025 883 3083 nullo
904 3023 965 3081 iere
985 3024 1137 3081 intervallo
1157 3021 1314 3094 repetitum

195 3132 296 3187 parum
309 3116 425 3188 elegans
438 3123 490 3186 est,
503 3123 533 3174 et
542 3134 568 3175 v.
580 3120 634 3177 271
645 3133 699 3177 nec
708 3135 772 3177 eum
784 3115 982 3190 superioribus
992 3131 1046 3174 nec
1056 3131 1119 3173 cmn
1130 3111 1314 3172 inferioribus

194 3209 265 3266 eatis
288 3207 361 3266 bene
381 3225 471 3266 nexus
493 3225 556 3267 esse
576 3211 699 3269 videtur.
723 3244 754 3252 ψ
779 3208 842 3268 272
867 3207 952 3265 πόλον
972 3208 1042 3280 AQ3
1068 3205 1253 3285 ημαθοεσσαν
1272 3204 1314 3277 Μ,

194 3298 398 3377 ἦμαθόδεσσαν
423 3301 465 3371 R3
492 3298 572 3378 ἐχεις
591 3301 637 3371 Μ;
662 3296 848 3379 ἔχειενηληϊον
870 3302 908 3372 (23
934 3296 1015 3364 οἶδας
1033 3300 1080 3370 Μ;
1106 3330 1140 3339 -
1168 3295 1229 3355 273
1250 3294 1315 3373 τέην

195 3392 242 3463 Μ;
263 3388 290 3449 θ’
315 3411 370 3452 om.
392 3394 475 3455 codd.
496 3394 568 3452 dett.
590 3401 620 3452 et
639 3395 704 3453 edd.
726 3399 793 3453 ante
806 3393 981 3465 Bellorum,
1001 3392 1050 3463 qui
1071 3407 1106 3448 ex
1120 3391 1153 3447 M
1172 3389 1314 3461 restituit3

194 3485 270 3543 εῖθον
291 3487 337 3557 Μ,
363 3483 427 3542 ελδα
448 3488 483 3560 G,
507 3484 586 3565 εἶχον
609 3505 662 3561 pro
688 3484 763 3545 εἷλον
787 3489 859 3546 coni.
886 3487 1027 3545 Teurnier
1049 3502 1077 3558 p.
1099 3490 1151 3555 34,
1176 3483 1227 3540 sed
1251 3484 1314 3556 ipse

135 3600 139 3603 ·
194 3578 278 3636 affert
292 3580 329 3638 ad
343 3581 490 3652 vulgatam
505 3581 642 3639 tuendam
656 3582 751 3640 Nonni
769 3581 970 3639 auctoritatem
984 3577 1094 3636 Metab.
1113 3594 1141 3649 p.
1158 3577 1221 3648 137,
1235 3592 1260 3633 v.
1277 3582 1315 3635 34

194 3672 238 3729 ed.
259 3673 398 3733 Passow.:
425 3673 471 3731 καλ
500 3670 569 3750 ἐμὴν
594 3672 648 3730 οὐκ
672 3670 767 3738 εἶδες
785 3670 907 3748 ὀπωπήν.
930 3704 963 3712 —-
987 3668 1049 3729 274
1069 3666 1212 3746 αριστηων
1232 3665 1315 3745 γένος

194 3763 307 3841 ἀνδρῶν
320 3767 361 3825 Μ.
394 3767 468 3825 »Hic
488 3784 587 3825 versus
608 3768 632 3825 si
653 3784 708 3825 non
725 3765 965 3838 transponendus,
986 3764 1062 3836 quod
1083 3763 1120 3820 ad
1140 3767 1314 3821 structuram

194 3859 297 3916 saltem
315 3860 425 3932 pendet
445 3860 482 3918 ab
501 3856 583 3939 ἔχεις
602 3877 687 3919 versu
707 3867 790 3919 acam
817 3859 971 3931 Lennep.
1002 3858 1043 3916 Et
1056 3862 1123 3915 ante
1137 3857 1315 3930 superiorem

194 3967 307 4010 versum
321 3954 419 4025 posuit
432 3953 524 4010 Iulien
538 3954 567 4010 in
583 3959 674 4025 textu,
695 3952 771 4024 quod
790 3952 854 4025 ipse
873 3957 977 4024 postea
996 3949 1169 4024 improbavit
1187 3950 1217 4008 iu
1236 3951 1314 4009 notis

193 4062 221 4117 p.
241 4052 305 4105 134.
333 4078 370 4088 -
398 4043 459 4103 275
480 4041 816 4123 οὐδάπερικληλλντονόλον
837 4042 919 4120 γένος
938 4041 1094 4100 αἶακιλλαων
1116 4043 1162 4114 Μ;
1189 4076 1225 4085 -
1252 4041 1314 4103 276

193 4139 309 4215 αγλαϊην
322 4136 419 4217 πηλίος
433 4138 479 4209 Μ;
493 4134 621 4216 εὐκλείην
635 4140 735 4212 OLN3
754 4172 790 4182 —
808 4137 868 4199 277
882 4137 1062 4215 πατρώκλοιο
1075 4138 1122 4208 Μ;
1136 4135 1253 4214 ηνορέην
1267 4137 1315 4210 Μ;

1079 4230 1112 4283 71·
