3210 4836
646 461 681 471 -
729 406 855 490 33'...

189 611 264 683 erat)
278 608 424 683 profectus
439 611 523 668 simul
538 612 643 670 collato
658 611 812 671 Homerico
832 609 1078 677 πολυπίδακος
1089 605 1177 688 Ἴδης,
1189 613 1220 671 id
1231 615 1310 686 quod

187 702 288 761 Ioanni
307 702 447 763 Piersono
467 719 582 776 quoque
601 705 636 778 ‚in
659 711 783 764 mentem
809 710 942 775 8888881,
967 699 1106 782 εὔκρηνον
1130 701 1174 762 ἐπὶ
1193 708 1310 783 πρηῶνα

191 792 347 873 Φαλάκρης
366 798 503 869 coniecit,
528 797 887 871 Η8818818888888188811.
928 798 1020 870 Quam
1046 800 1239 859 coniecturam
1259 803 1310 874 qni

187 905 223 947 88
253 889 290 949 de
319 906 408 949 causa
434 890 615 950 Wernikium
647 897 762 950 secutus
794 893 904 965 sprevit
933 892 1066 964 Bekker,
1098 894 1175 966 quod
1204 901 1309 968 888188

186 983 318 1043 Nonnum
343 985 449 1044 imitati
469 1001 526 1044 non
546 986 777 1044 continuauerint
802 986 961 1059 spondeos,
988 987 1091 1046 merito
1116 988 1309 1060 reprehensus

187 1081 232 1135 est
252 1093 270 1136 a
290 1075 405 1136 Graefio
429 1094 457 1149 p.
472 1084 537 1149 242,
565 1077 603 1136 ab
622 1078 787 1137 Hermanno
813 1096 841 1152 p.
857 1085 884 1148 8,
912 1084 942 1137 81
966 1095 985 1138 8
1009 1079 1185 1140 Schneidero
1209 1098 1237 1154 8.
1252 1088 1307 1141 481

187 1171 299 1229 88118118
326 1187 382 1229 888.
401 1178 444 1230 13.
466 1179 512 1230 21.
533 1178 579 1230 32.
601 1178 646 1233 59.
670 1180 714 1232 61.
739 1180 785 1232 83.
809 1174 873 1232 127.
897 1179 961 1231 132.
985 1175 1048 1233 137.
1071 1180 1135 1233 146.
1156 1181 1221 1233 205.
1243 1181 1308 1233 236.

187 1272 251 1325 241.
273 1272 338 1326 282.
359 1274 424 1326 365.
445 1270 509 1327 370,
544 1299 576 1308 ·-
612 1266 754 1324 »Fallitur
778 1268 867 1325 etiam
893 1283 995 1326 censor
1019 1267 1148 1325 Bekkeri
1172 1268 1308 1327 Halensis

186 1365 225 1429 (8.
239 1366 321 1419 1816.
335 1363 451 1419 888173.
472 1379 500 1433 8.
508 1364 620 1433 58588.)
634 1355 775 1437 ἐΰκρηνον
788 1376 960 1434 proponens.
986 1360 1013 1420 E
1027 1356 1309 1439 8811.Μ81.Ἰδαίηοι

185 1452 308 1531 κάρηνον
329 1454 499 1512 eliciendum
518 1452 537 1510 1.
554 1449 666 1530 Ἰδαίης
686 1451 841 1530 ἀκάρηνον,
861 1455 886 1512 81
900 1470 916 1512 8
930 1455 1105 1527 geographis
1118 1455 1308 1528 probandum.

185 1564 321 1608 cacumen
335 1550 390 1608 hoc
403 1549 526 1608 88818818
540 1548 672 1607 obtusius
684 1545 782 1604 fuisse.
814 1547 845 1606 si
859 1545 1029 1624 τρικάρηνον
1041 1546 1214 1621 8888188188,
1233 1549 1308 1608 Pha·

184 1643 280 1702 lscrae
305 1659 408 1702 nomen
433 1643 546 1716 poetice
573 1640 610 1699 de
634 1646 696 1700 toto
724 1646 822 1699 monte
849 1641 902 1699 Ida
926 1641 1021 1714 accipi
1047 1641 1162 1700 debet«.
1188 1642 1306 1701 Gnaei.

183 1753 213 1809 8.
232 1744 296 1795 242.
320 1736 479 1794 'Graviora
508 1735 624 1794 molitus
656 1740 701 1792 881
725 1734 884 1793 Schneider
913 1753 941 1808 p.
961 1742 1032 1807 431,
1061 1736 1190 1807 quinon
1215 1735 1306 1794 solum

183 1829 274 1896 Idam,
299 1829 351 1888 sed
373 1830 459 1888 etiam
480 1828 651 1887 Phalacram
680 1826 770 1886 181888
797 1829 953 1901 tricipitem
979 1834 1109 1887 veterum
1133 1831 1305 1903 scriptorum

182 1921 356 1980 testimoniis
381 1922 505 1981 nondum
531 1921 686 1994 probatum
713 1936 777 1979 esse
801 1922 937 1981 Bekkero
963 1921 1130 2000 τρικάρηνον
1154 1924 1306 1996 recipienti
1419 1964 1422 1968 -

183 2014 320 2088 8181818888,
336 2011 515 2093 ἐδηησαοθε,
528 2008 766 2091 μολοῦσαοἼδης
779 2012 843 2072 αἰπὺ
859 2014 990 2092 κάρηνον,
1004 2014 1056 2073 ὑπὸ
1069 2037 1115 2094 πρ.
1132 2014 1167 2074 Φ.
1181 2019 1306 2090 scripsit,

183 2111 342 2182 integrum,
362 2126 419 2169 non
439 2116 603 2169 truncatum
623 2108 748 2186 κάρηνον
768 2117 889 2182 propter
908 2110 1046 2168 librorum
1066 2127 1233 2170 consensum
1254 2130 1306 2186 pu·

182 2210 257 2275 tans,
273 2210 456 2276 »corruptum
469 2209 566 2261 autem
586 2200 692 2279 Ἰδαίης
705 2202 752 2260 881
768 2199 900 2279 Ἰδαίηοι,
914 2217 970 2273 quo
984 2202 1128 2266 adjectivo
1141 2220 1229 2275 quum
1242 2221 1305 2264 sae·

183 2298 247 2370 pius
269 2314 338 2355 8888
359 2298 398 2354 811
418 2297 567 2356 0811811188
589 2328 622 2337 ——
645 2295 696 2353 cir.
717 2313 743 2354 8.
758 2303 786 2353 4.
808 2298 854 2355 to.
876 2302 940 2354 101.
962 2302 1026 2354 118.
1048 2303 1113 2355 201.
1135 2298 1306 2357 -videtur

183 2389 267 2447 huius
287 2391 331 2448 rei
350 2392 489 2448 memoria
507 2397 703 2447 transversum
725 2389 820 2459 egisse
834 2404 910 2460 eum,
929 2388 978 2459 qui
997 2389 1027 2446 in
1046 2390 1146 2449 codice
1166 2393 1304 2466 scriptum

182 2517 332 2574 invenerat
351 2518 407 2575 sio:
427 2479 511 2592 ⁹132}
530 2513 662 2591 κάρηνον,
690 2516 770 2572 8118
790 2533 820 2571 αι
840 2515 937 2573 181888
957 2523 1149 2588 8818881888
1169 2520 1304 2601 omissum

181 2611 319 2682 primurn,
348 2617 409 2670 tum
440 2610 604 2683 suppletum
635 2615 665 2667 et
689 2626 755 2668 mox
781 2609 931 2668 evanidum
963 2617 1105 2684 exparte
1131 2612 1304 2671 adiectivum

181 2699 260 2775 αἰπύ,
287 2696 807 2779 888188818Ἴδη888888811888888.
848 2702 913 2774 Ego
946 2702 1127 2781 τρικάρηνον,
1159 2705 1303 2778 Bellero,

181 2795 300 2866 Iuliano,
320 2797 486 2855 Hermanno
506 2805 547 2867 18.
562 2800 592 2864 8)
614 2799 644 2851 81
662 2794 784 2852 Lehrsio
805 2794 960 2868 probatum
981 2798 1099 2869 retinui,
1125 2805 1237 2856 etcum
1258 2800 1304 2856 Iu-

182 2891 258 2949 liano
278 2907 332 2963 per
350 2891 535 2964 hypallagem
557 2905 609 2962 888
630 2886 682 2944 ὑπὸ
707 2887 869 2966 colomp,
895 2889 1011 2967 πρηῶνα
1029 2884 1114 2967 Ἴδης
1134 2888 1303 2969 τρικαρήνου

182 2982 290 3041 dictum
310 3000 374 3041 esse
389 2990 472 3057 8818;
492 2983 571 3041 haud
589 2981 675 3039 aliter
694 2999 719 3039 8.
737 2989 791 3040 100
807 2978 908 3061 Ἰδαίην
928 2978 1019 3061 ἄκρην
1040 2979 1126 3060 ὄρεος
1139 3001 1192 3057 888
1213 2983 1304 3062 ἄκρην

178 3070 287 3131 Ἰδαίου
310 3071 399 3151 ι’ίρεος
424 3077 540 3149 88818811
567 3082 675 3134 noster.
700 3106 738 3117 —
763 3071 816 3131 ὑπο
833 3076 866 3133 Μ
887 3083 912 3135 1.
937 3071 983 3133 ἐπὶ
1005 3078 1210 3151 suprascripsit
1229 3078 1262 3136 M
1276 3084 1303 3151 2,

181 3210 213 3262 81
227 3204 335 3262 habent
348 3203 432 3262 codd.
444 3203 516 3261 dett.
533 3210 562 3261 81
577 3203 643 3261 edd.
657 3208 725 3262 8818
735 3203 871 3275 Bekkcr,
885 3168 1039 3280 φαλάκρέις
1049 3205 1090 3276 Μ,
1104 3221 1178 3264 corr.
1188 3206 1221 3263 M
1233 3213 1302 3265 2.—

181 3296 217 3356 16
237 3296 319 3374 πάριν
339 3295 509 3369 Μ81110]
530 3295 553 3354 0
573 3300 640 3368 8881
659 3312 732 3354 corr.
754 3303 784 3353 et
804 3295 880 3368 edd,
900 3294 979 3355 πάλιν
999 3298 1247 3376 1Νο3,π81ο8ιν
1267 3302 1302 3372 Α,

179 3392 210 3448 in
230 3407 318 3467 quop
332 3408 351 3447 8
363 3407 399 3448 m,
415 3398 432 3448 2
446 3407 483 3448 ex
503 3387 564 3446 lut
576 3387 703 3458 videtum
723 3386 926 3461 οἱονζοπόλοιαιν
943 3390 987 3458 Μ,
1006 3391 1126 3450 11888188
1141 3397 1171 3449 81
1191 3387 1303 3467 odoal-

181 3478 318 3541 xocr'cxdv
338 3484 405 3543 add.
419 3485 451 3541 M
467 3491 493 3541 2.
515 3483 563 3554 qui
582 3483 612 3539 in
625 3497 715 3553 marg.
730 3480 884 3539 οῖοπόλοιαι
901 3484 1064 3557 adscripsit.
1087 3517 1123 3526 -—
1145 3484 1183 3543 10
1198 3486 1302 3556 Quam·

181 3593 266 3648 quam
287 3577 404 3636 verbum
425 3573 604 3653 ἀγάλλεσθαι
624 3574 733 3645 absque
755 3575 870 3635 adiecto
891 3576 988 3635 dativo
1009 3578 1039 3635 in
1061 3578 1193 3639 (lollutho
1213 3586 1302 3654 88818

182 3684 284 3741 parum
304 3671 430 3743 eleganti
450 3668 520 3728 ferri
540 3684 626 3741 posse
642 3667 858 3728 >existimaverit
880 3670 1016 3743 Lennep,
1035 3678 1131 3733 tamen
1150 3675 1180 3732 in
1202 3684 1301 3736 nostro

180 3769 313 3834 poemate
333 3780 473 3836 nusquam
494 3759 672 3839 ἀγάλλεσθαι
693 3761 771 3818 nude
785 3763 911 3833 positum
928 3764 1052 3837 reperiri
1066 3782 1182 3826 monens
1203 3770 1233 3826 in
1253 3787 1301 3829 no·

179 3855 217 3912 tis
234 3853 369 3933 βασιλείᾳ
388 3874 441 3930 888
459 3856 608 3932 βασίλειαν
629 3855 764 3927 88818811,
785 3870 871 3926 quam
891 3857 1086 3916 coniecturam
1106 3861 1135 3917 in
1149 3861 1300 3922 Addendis

178 3949 352 4023 improbavit
371 3966 389 4009 a
408 3949 579 4010 Ruhnkenic
600 3966 654 4023 per
672 3950 788 4006 litteras
809 3949 917 4008 erroris
938 3950 1102 4010 admonitus
1122 3957 1227 4018 collato
1242 3959 1298 4032 Op-

177 4044 263 4116 piano
283 4042 350 4100 Hal.
365 4043 405 4101 IV
420 4051 483 4104 328.
505 4051 570 4103 360.
602 4044 705 4101 Nouno
726 4040 853 4112 111888,
870 4050 939 4113 242;
961 4051 1007 4117 48,
1023 4053 1087 4107 240.
1118 4083 1150 4092 -
1179 4050 1299 4127 ἀγαλλο-

174 4134 263 4253 μένην
276 4170 322 4239 Μ,
344 4169 395 4228 sed
416 4170 548 4243 spiritum
569 4168 698 4240 addidit,
718 4187 738 4223 α
758 4171 963 4243 suprascripsit
977 4172 1009 4230 M
1024 4183 1066 4247 2.;
1085 4179 1242 4261 αφροδίιην
1255 4183 1297 4241 Μ.

228 4265 252 4305 8.
267 4264 350 4312 nam,
369 4262 473 4305 curun.
1077 4269 1094 4320 8
