3210 4836
743 445 957 509 ..43-

291 632 325 692 δε
337 634 377 707 L3
391 634 487 709 πᾶσαν
501 631 535 692 δὲ
545 634 579 707 Ρ,
592 634 683 691 πᾶσαν
699 630 733 691 δὲ
747 633 776 704 S,
789 595 883 690 πᾶσόν
896 629 931 690 δὲ
941 632 993 703 W3
1014 631 1185 709 δελονὶτερην
1198 634 1246 706 Μ;
1266 631 1362 701 διξετο
1371 634 1418 705 Μ;

292 727 386 794 δίζετε
401 728 424 787 G
438 732 506 788 ante
526 745 600 787 corr.
620 727 823 787 Pleonasmum
842 725 1068 798 intolerabilem,
1094 727 1143 798 qui
1164 733 1209 785 est
1233 728 1263 785 in
1284 724 1420 804 λωϊτέρην

291 824 340 878 καλ
360 819 502 897 ἀμείνονα,
523 826 703 893 remoturus,
729 820 871 880 Touruier
890 838 918 894 p.
936 827 971 880 18
992 816 1120 897 ἀμύμονα
1139 837 1192 893 pro
1207 818 1340 896 ἀμείνονα
1354 836 1420 881 con·

290 917 368 990 iecit,
383 922 464 977 recte
480 914 624 974 refutatus
638 930 656 973 a
670 914 854 987 Schneidero,
869 916 919 986 qui
938 915 968 971 in
981 930 1039 971 rec.
1060 931 1088 986 p.
1105 915 1158 972 197
1173 919 1322 987 comparat
1335 913 1419 971 Hom.

291 1010 344 1070 Od.
365 1032 385 1068 α
399 1014 454 1071 376
475 1006 572 1067 δοκέει
591 1007 661 1065 τόδε
682 1007 826 1084 λωίτερον
846 1006 895 1064 καλ
915 1003 1028 1084 ἄμεινον
1048 1013 1079 1065 et
1103 1007 1189 1079 plura
1209 1008 1283 1065 scire
1303 1007 1421 1080 cupiam·

290 1111 349 1162 tom
367 1105 482 1178 relegat
495 1103 533 1162 ad
547 1104 688 1161 Haasium
704 1102 754 1170 (ad
769 1101 843 1160 Xan.
858 1102 894 1159 de
910 1118 971 1174 rep.
985 1101 1055 1160 Lac.
1070 1119 1099 1174 p.
1116 1107 1182 1173 164)
1199 1108 1228 1160 et
1241 1102 1419 1162 Lobeckium

291 1197 445 1270 (Aglaoph.
466 1215 494 1270 p.
511 1202 607 1267 1993).
630 1229 657 1236 -
685 1194 732 1253 De
751 1212 795 1252 vv.
811 1202 857 1254 80.
878 1202 913 1253 81
935 1195 1008 1253 baec
1022 1195 1156 1268 Lennep:
1191 1196 1287 1252 »πᾶσα
1307 1193 1340 1253 δὲ
1355 1193 1418 1255 lua

291 1291 375 1368 τέρην
396 1289 444 1347 καλ
464 1288 599 1366 ἀμείνονα
620 1290 647 1346 δ.
663 1293 706 1364 μ]
737 1289 831 1361 Vulgo
853 1289 889 1347 de
910 1289 1003 1347 tribus
1024 1288 1133 1346 deabus
1155 1289 1328 1362 intelligunt,
1349 1307 1420 1362 qua-

290 1401 353 1442 rum
379 1400 511 1456 quaeque
537 1384 663 1442 sollicita
690 1382 843 1441 admodum
870 1389 934 1441 erat
958 1382 995 1441 de
1020 1381 1112 1441 forma
1144 1384 1418 1456 pretiosissimarum

290 1478 411 1536 vestium
432 1478 613 1549 aliarumque
627 1492 723 1534 rerum
738 1476 925 1534 admondum
940 1475 1109 1534 muliebrem
1129 1478 1321 1548 spectantium
1338 1476 1420 1534 adiu·

292 1576 388 1631 mento
409 1571 547 1644 ornanda,
568 1572 663 1629 atita
683 1570 831 1629 delicatuli
850 1572 976 1643 pastoris
997 1570 1118 1629 arbitrio
1137 1570 1256 1641 reliquis
1270 1570 1420 1642 pulchrior

290 1664 437 1724 diceretur
457 1670 486 1722 et
506 1664 687 1737 splendidum
703 1664 780 1722 illud
796 1666 900 1723 donum
915 1664 1067 1723 obtineret.
1100 1662 1183 1734 Quod
1198 1663 1222 1720 si
1236 1669 1332 1720 tamen
1346 1664 1419 1721 haec

291 1757 406 1817 Oolutbi
425 1774 505 1815 mens
530 1755 634 1815 luisset
653 1773 710 1816 non
734 1758 867 1816 inmerito
888 1757 1084 1829 negligentiae
1104 1756 1212 1815 crimen
1232 1757 1262 1813 in
1282 1772 1347 1814 eum
1367 1757 1419 1814 im·
1522 1746 1525 1749 ’

289 1850 438 1923 pingeres,
460 1850 552 1923 quod,
578 1851 658 1907 nulla
678 1850 797 1908 Iunonis
820 1856 871 1908 aut
890 1851 1041 1909 Minervae
1061 1850 1174 1909 ratione
1194 1848 1309 1921 habita,
1333 1850 1417 1907 unius

293 1941 412 2000 Veneris
433 1949 564 2001 ornatum
580 1942 757 2002 solummodo
772 1943 918 2001 describat
932 1951 962 2000 et
976 1944 1018 2000 sic
1032 1945 1178 2010 lectorem,
1200 1943 1249 2013 qui
1263 1959 1320 2000 non
1333 1943 1417 1999 unius

290 2035 426 2106 Veneris,
453 2035 505 2093 sed
531 2037 619 2093 trium
647 2037 766 2095 dearum
793 2044 924 2096 ornatum
954 2038 1132 2109 descriptum
1159 2037 1193 2093 iri
1219 2036 1417 2109 exspectabat,

291 2126 428 2200 decipiat.
469 2129 545 2186 Hine
572 2129 609 2186 de
635 2131 698 2187 sola
717 2131 831 2188 Venere
851 2132 958 2203 quippe
984 2132 1032 2188 cui
1051 2131 1231 2202 potissimum
1252 2130 1417 2188 conveniret

291 2220 383 2279 bellus
409 2223 465 2280 iste
486 2222 674 2280 delicatarum
696 2225 857 2295 puellarum
881 2224 1013 2295 mundns,
1034 2224 1221 2296 interpretari
1235 2225 1310 2282 malo
1325 2233 1354 2281 et
1368 2224 1417 2281 de-

291 2315 351 2373 leta
371 2314 556 2374 distinctione
576 2332 639 2374 cum
661 2323 800 2389 sequente
822 2319 967 2375 versiculo
988 2319 1030 2375 ita
1051 2321 1238 2391 coniungere:

481 2443 561 2499 πᾶσα
580 2439 614 2499 δὲ
634 2440 770 2521 λωϊτέρην
790 2441 839 2499 καὶ
859 2442 992 2520 ἀμείνονα
1011 2441 1106 2510 δίζετο
1124 2441 1238 2521 μορφὴν

481 2532 588 2611 Κύπρις
604 2534 658 2610 μὲν
678 2535 832 2614 δολόμητις
852 2533 1039 2605 ἀναπτύξασα
1058 2535 1233 2615 καλύπτρην·

482 2625 530 2683 καὶ
548 2627 668 2704 περόνην
689 2649 715 2684 κ.
730 2649 755 2684 τ.
771 2629 811 2685 a«

290 2752 479 2827 contradixit,
502 2754 578 2826 quod
602 2757 725 2828 mireris,
747 2757 834 2814 etiam
849 2757 999 2815 Harlesius
1022 2756 1171 2827 nequidem
1193 2775 1218 2814 v.
1234 2760 1269 2816 79
1291 2757 1327 2814 de
1347 2757 1417 2815 dea-

288 2846 342 2905 bus
368 2848 499 2906 omnibus
527 2849 665 2921 intelligo.
693 2865 747 2907 neo
768 2849 907 2908 Colutbus
927 2848 1123 2920 negligentiae
1143 2848 1325 2907 adcurandus
1345 2850 1415 2908 mibi

289 2941 412 3013 videtur,
433 2943 508 3013 quod
523 2944 657 3013 Veneris,
679 2958 754 3013 quae
767 2949 864 3000 tamen
878 2943 985 3014 primas
1005 2941 1088 3011 qnasi
1106 2949 1205 3013 partes
1224 2942 1254 2999 iu
1273 2943 1328 3001 boc
1347 2960 1416 3016 poe-

287 3036 376 3093 matio
397 3035 494 3105 habet,
515 3040 656 3106 ornatum,
680 3050 769 3106 quam
790 3041 951 3092 ceterarum
973 3034 1102 3107 dearum,
1129 3035 1247 3095 uberius
1267 3037 1415 3097 describit·

288 3127 378 3197 Atqui
404 3127 532 3197 singulas
559 3126 595 3183 de
624 3134 727 3184 ornatu
753 3128 891 3185 sollicitas
911 3125 1016 3200 fuisse,
1040 3134 1070 3186 et
1090 3130 1165 3187 tales
1185 3128 1267 3188 fictas
1287 3128 1376 3188 fuisse
1396 3148 1417 3189 a

288 3226 385 3292 poeta,
405 3225 488 3292 patet
509 3236 544 3278 ex
563 3226 748 3279 versu132«.
779 3219 940 3278 Barbarum
953 3221 1096 3295 Lennepii
1116 3229 1306 3282 commentum
1327 3224 1413 3282 etlam

287 3313 379 3370 Iulien
406 3312 584 3385 repudiavit,
616 3312 665 3382 qui
696 3318 793 3370 tamen
823 3313 852 3370 in
878 3317 1081 3375 commentario
1113 3317 1222 3387 aliquot
1251 3333 1351 3374 versus
1376 3349 1414 3360 -

289 3407 387 3464 nescio
401 3405 477 3463 unde
494 3439 523 3447 -
543 3407 685 3466 excidisse
700 3409 821 3480 putavit,
843 3410 946 3480 quibus
967 3410 1004 3469 de
1024 3410 1142 3470 Iunonis
1162 3418 1250 3483 atque
1263 3412 1417 3470 Minervae

289 3500 426 3558 exteriori
446 3501 525 3558 cultu
546 3501 641 3573 egerit
661 3510 757 3574 poeta.
791 3504 855 3574 Qua
874 3505 1038 3577 suspicione
1059 3505 1127 3562 mibi
1143 3521 1199 3562 non
1213 3505 1328 3564 videtur
1342 3522 1414 3577 opus

289 3609 361 3651 esse.
383 3626 419 3634 --
441 3590 483 3651 82
504 3590 623 3671 κρόπρις
638 3595 660 3654 (λ
675 3602 742 3654 ante
762 3614 850 3669 corr.;
872 3597 1023 3675 δολομῆτις
1043 3594 1226 3665 αναπτόξασα
1246 3599 1292 3670 Μ;
1314 3595 1417 3674 dautra-

289 3683 365 3753 ξασα
378 3686 417 3756 L3
438 3683 596 3763 καλόλλμην
610 3688 652 3763 M,
675 3690 724 3746 ubi
745 3690 819 3749 duae
839 3697 951 3748 tautum
965 3693 1081 3749 litterae
1102 3708 1203 3749 erasae
1224 3699 1302 3763 sunt,
1319 3689 1414 3749 fuerat

289 3774 439 3856 καλόπτην.
484 3777 535 3838 82.
557 3779 596 3839 83
622 3781 741 3860 περόνην
773 3790 838 3857 (pro
868 3781 983 3862 περόνη)
1011 3781 1129 3858 κομάων
1161 3789 1226 3857 (pro
1257 3783 1413 3862 κόρυμβον)

288 3877 318 3929 et
335 3871 438 3948 χαίτην
458 3878 523 3946 (pro
543 3872 650 3952 δειρήν)
671 3876 754 3935 codd.
776 3883 806 3934 et
826 3876 891 3934 edd.
913 3892 1019 3935 omnes.
1062 3877 1215 3935 »Marcum
1236 3894 1299 3936 esse
1320 3879 1413 3936 locum

288 3963 360 4021 vidit
385 3954 552 4026 Wernikius
585 3971 691 4028 collato
716 3971 809 4029 Noun⁴
829 3978 880 4042 32,
909 3978 942 4028 15
969 3968 1018 4026 καὶ
1043 3969 1148 4050 περόνη
1180 3973 1269 4045 (vulg⁴
1294 3970 1415 4048 περόνην

291 4056 388 4128 [quam
407 4060 559 4117 lectionem
574 4062 700 4129 servavit
713 4062 800 4119 etiam
813 4063 966 4136 Koechly])
987 4061 1123 4140 συνέεργε
1137 4063 1202 4122 νέοο
1216 4047 1316 4142 κληῗδα
1327 4064 1414 4143 χιτῶ-

288 4164 337 4215 νος
361 4148 409 4207 καὶ
435 4150 557 4231 πλεκτὴν
583 4152 697 4212 δοόεντι
722 4153 812 4231 κόμην
832 4152 939 4233 ἐδίηνεν
960 4152 1065 4233 ἐλαίῳ(
1088 4157 1196 4217 Bekk.
1238 4159 1292 4230 Qui
1313 4175 1418 4218 versus
