3210 4836
659 413 871 477 ..59-

207 601 267 661 Sed
281 607 399 674 tamen,
419 603 444 659 si
464 599 534 673 quid
553 600 651 668 uideo,
671 598 803 659 faciliore
822 615 913 673 opera
931 614 979 656 res
1000 596 1130 670 expediri
1150 600 1254 668 potest.
1293 594 1328 653 ln

206 696 298 768 primo
317 695 418 753 horum
433 711 566 754 versuum
580 695 641 754 cod.
656 695 730 752 Mul.
744 697 823 758 τοῖας
836 690 906 751 ἐπεί.
936 693 977 753 Ut
990 692 1113 765 uidetur,
1135 693 1222 750 etiam
1234 688 1326 765 βαιάν,

206 787 283 860 quod
302 804 359 847 uon
379 789 566 861 praetulerim
586 790 712 861 vulgato.
751 787 943 865 scribendum
962 787 1089 847 videtur:

411 900 489 963 τοῖος
508 895 569 955 ἐπεὶ
588 897 731 976 σῆραγγος
750 893 784 963 ἐς
802 893 877 975 ᾔδεα
894 894 980 972 βαιὸς
999 893 1096 953 adeda

410 989 575 1069 ἀγροτέρων
595 990 731 1066 καλάμων
752 989 863 1069 λιγυρὴν
883 988 1004 1048 ἐδίωκεν
1024 987 1129 1067 ἀοιδήν.

202 1097 378 1179 Ἀγροτέραν
398 1109 478 1161 recte
497 1102 662 1161 emendavit
682 1101 828 1162 Graefius:
858 1118 952 1173 neque
979 1102 1054 1159 enim
1078 1102 1151 1160 haec
1176 1109 1327 1175 poetarum

206 1200 287 1253 secta
306 1194 363 1253 duo
383 1195 531 1267 coniungit
555 1195 684 1267 epitheta
708 1197 850 1254 ornantia.
892 1191 1043 1274 Σήραγγος
1068 1211 1132 1253 mea
1162 1201 1207 1254 est
1232 1197 1326 1256 eunie-

206 1294 303 1360 etura,
328 1287 357 1344 in
377 1304 462 1359 quam
482 1305 568 1360 quum
586 1288 711 1367 plurima
730 1294 858 1347 tentaret
878 1290 967 1347 etiam
988 1287 1118 1347 Graefius
1139 1288 1250 1346 incidit.
1291 1290 1324 1346 Iu

207 1384 305 1455 quinto
326 1399 411 1440 versu
432 1385 469 1455 [v.
487 1386 552 1457 115]
573 1383 649 1456 quod
671 1400 686 1440 e
707 1382 769 1441 cod.
791 1384 873 1441 Voss.
895 1383 1014 1441 affertur
1034 1377 1124 1439 ἔνδεα
1148 1382 1219 1439 nihil
1247 1381 1325 1440 aliud

207 1483 251 1536 est
271 1493 356 1549 quam
376 1477 452 1549 quod
473 1478 502 1535 in
523 1478 614 1550 primo
635 1477 726 1535 Paris.
747 1476 854 1549 legitur
878 1470 961 1533 ἔνθεν
985 1492 1075 1549 supra
1100 1476 1208 1548 scripto
1229 1496 1257 1531 u.
1293 1474 1326 1532 Id

207 1571 230 1627 si
255 1587 312 1630 non
336 1574 370 1628 ut
394 1570 560 1644 Lennepius
585 1566 657 1628 ἔνθα
676 1566 716 1643 δ’,
742 1571 793 1629 sed
818 1567 923 1627 ἐνθάδ’
949 1570 1121 1641 correxeris,
1152 1570 1223 1628 satis
1254 1568 1328 1627 bene

206 1664 301 1722 omnia
325 1665 527 1725 cohaerebunt.
568 1666 635 1724 Erit
659 1664 730 1722 illud
750 1662 856 1722 ἐνθάδε
882 1664 919 1721 ad
944 1664 1048 1722 montis
1068 1662 1139 1721 Idae
1165 1664 1229 1722 loce
1253 1661 1327 1721 refe·
1410 1719 1414 1726 .

205 1756 334 1829 rendum,
354 1757 385 1816 in
405 1758 507 1831 quibus
528 1759 656 1831 degebat
676 1759 768 1829 Paris,
791 1774 877 1830 quum
898 1758 934 1815 ad
950 1774 1013 1816 eum
1028 1759 1140 1816 ueniret
1153 1757 1325 1816 Mercurius.

205 1850 280 1909 Ante
294 1854 424 1912 ultimum
438 1857 538 1914 horum
553 1871 686 1913 versuum
700 1852 809 1925 aliquid
829 1853 970 1911 excidisse
989 1853 1035 1910 vix
1054 1857 1151 1926 potest
1169 1851 1324 1911 dubitarit.

205 1944 299 2003 Aliter
319 1946 355 2005 de
374 1947 429 2007 hoc
448 1948 510 2007 loco
530 1948 668 2005 iudicavit
691 1947 848 2006 Schneider
868 1966 895 2020 p.
911 1953 975 2005 421.
997 1953 1068 2004 422:
1102 1963 1174 2004 »uon
1200 1946 1322 2004 dixisset

150 2056 153 2060 ³
205 2039 307 2111 opinor
327 2038 471 2113 Graefius,
492 2041 636 2113 duplicem
657 2041 685 2097 iu
705 2040 750 2098 his
770 2040 967 2098 recensionem
988 2034 1079 2112 ipsids
1100 2046 1205 2112 poetae
1227 2045 1326 2098 extare

206 2136 257 2191 aut
276 2132 312 2190 ab
333 2135 428 2191 aliena
448 2151 533 2192 manu
554 2135 694 2206 quaedam
715 2135 771 2192 huc
784 2133 945 2206 irrepsisse,
967 2133 990 2189 si
1005 2133 1211 2205 perspexisset,
1233 2134 1325 2206 primo

207 2229 243 2296 (ν.
260 2232 432 2298 110-114)
457 2234 572 2301 poetam
598 2243 731 2299 narrare,
757 2227 826 2299 quid
851 2227 927 2285 omni
954 2232 1083 2299 tempore
1106 2225 1188 2283 Paris
1215 2224 1325 2299 lecerit,

206 2320 265 2376 sive
291 2320 320 2376 iu
347 2336 455 2392 pascua
481 2321 542 2379 ibat
567 2324 604 2393 (v.
621 2326 687 2393 110)
713 2322 774 2379 sive
800 2337 891 2394 prope
917 2320 1032 2378 stabula
1057 2325 1121 2378 erat
1147 2324 1326 2390 (v.112)—·

205 2412 336 2470 nimirum
356 2411 452 2472 fistula
472 2415 608 2488 canebat,
634 2431 754 2488 gregum
775 2420 871 2473 autem
894 2415 1034 2477 rationem
1060 2431 1116 2473 uon
1141 2414 1269 2473 habebat
1289 2447 1327 2456 —

206 2505 310 2565 deinde
329 2507 398 2578 quid
419 2524 453 2566 eo
475 2508 538 2581 ipsu
559 2514 688 2582 tempore
709 2508 812 2567 fecerit
838 2524 923 2580 quum
945 2508 1067 2567 Hermes
1093 2509 1131 2566 ad
1158 2525 1221 2567 eum
1248 2509 1327 2567 uenit

207 2599 244 2670 (v.
261 2606 314 2657 114
325 2603 389 2673 so).
420 2608 521 2660 contra
539 2602 701 2661 laudandus
722 2600 863 2675 Graefius,
885 2601 961 2674 quud
982 2601 1055 2659 uidit
1077 2619 1102 2660 ν.
1121 2611 1174 2662 110
1196 2598 1326 2681 σήραγ-

207 2710 267 2766 γος
290 2689 323 2758 ἐς
348 2688 436 2770 ἤθεα,
465 2700 495 2753 et
519 2713 544 2752 v.
566 2703 619 2754 111
645 2693 851 2774 ἀγροτέρων
877 2695 1013 2771 καλάμων
1040 2696 1222 2779 scribendum
1253 2713 1326 2755 esse.

205 2785 336 2845 restabat
359 2793 391 2845 ut
410 2806 436 2846 ν.
457 2796 511 2849 110
532 2791 609 2854 τοῖος
634 2786 694 2847 ἐπεὶ
715 2806 731 2847 e
751 2790 909 2848 Mutinensi
933 2791 1125 2863 reciperetur,
1152 2790 1229 2860 quod
1256 2789 1327 2849 lecit

205 2878 401 2953 Hermanuus,
426 2887 458 2938 ut
478 2887 651 2941 tamennon
671 2882 805 2940 uideatur
824 2891 903 2940 recte
923 2898 983 2940 rem
1005 2881 1230 2941 administrasse.
1261 2899 1327 2941 narn

205 2968 273 3029 ἐπεί
286 2988 371 3044 quum
391 2980 509 3047 putaret
528 2976 687 3050 temporale
708 2992 782 3043 esse,
803 2972 898 3032 ὁδεύοι
919 2976 1057 3048 correxit,
1079 2993 1135 3048 qno
1154 2974 1187 3033 fit
1207 2982 1239 3034 ut
1262 2992 1326 3034 seu·

205 3065 296 3123 tentia
322 3066 389 3125 inde
415 3083 433 3126 a
458 3085 483 3126 v.
508 3076 560 3126 111
587 3085 650 3126 cum
675 3069 872 3142 superioribus
897 3086 953 3128 nou
985 3070 1041 3127 iam
1075 3076 1216 3142 congruat
1246 3071 1327 3128 satis.

206 3157 349 3230 Equidem
369 3166 401 3218 ut
420 3162 520 3234 paucis
540 3161 650 3232 dicam,
675 3162 743 3235 quid
765 3163 902 3236 sentiam,
922 3169 1038 3236 poetam
1058 3164 1166 3222 dixisse
1186 3165 1327 3236 existimo,

205 3249 365 3311 abfuisse
386 3253 518 3312 baculum
537 3256 739 3329 pastoricium,
765 3258 930 3329 quoniam
956 3258 1010 3317 soli
1030 3258 1113 3316 Paris
1140 3275 1257 3331 operam
1279 3258 1328 3316 de-

206 3342 297 3402 disset
320 3343 433 3405 fistulae
459 3353 489 3407 et
513 3350 690 3422 neglexisset
717 3367 836 3424 greges,
866 3353 926 3410 sive
951 3352 981 3410 iu
1005 3353 1122 3425 pascuis
1149 3337 1239 3423 esset,
1267 3353 1328 3413 sive

204 3454 296 3512 prope
310 3440 425 3500 stabula
439 3451 615 3515 versaretur,
635 3445 734 3516 itaque
748 3446 929 3504 scribendum
944 3462 1049 3506 censeo
1062 3447 1092 3504 in
1104 3447 1180 3505 hunc
1197 3446 1327 3506 modum:

376 3552 501 3631 ποιμενίη
520 3549 548 3609 δ’
571 3551 742 3612 ἀπέκειτο
758 3555 839 3632 βοῶν
859 3554 993 3633 ἐλάτειρα
1014 3553 1173 3633 καλαῦροψ,

302 3651 356 3705 110
377 3649 455 3712 τοῖος
474 3644 536 3705 ἐπεὶ
554 3646 699 3726 οὴραγγος
718 3646 751 3715 ἐς
771 3646 845 3727 ᾔδεα
863 3649 947 3724 βαιὸν
967 3647 1086 3724 ὁδεύων,

302 3744 355 3797 112
375 3739 494 3797 πολλάκι
513 3738 540 3798 δ’
565 3742 737 3803 οἰοπόλοισιν
754 3741 796 3801 ἐνλ
815 3744 984 3820 σταθμοῖσιν
1006 3743 1113 3804 λαύων

303 3839 356 3891 111
377 3831 543 3912 ἀγροτέρων
563 3837 700 3912 καλάμων
720 3835 832 3916 λιγυρὴν
852 3835 973 3896 ἐδίωκεν
994 3836 1090 3916 ἀοιδήν

377 3925 425 3983 καλ
445 3924 558 4006 ταύρων
578 3929 704 4009 ἀμέλησε
724 3930 772 3989 καλ
793 3928 847 3990 οὐκ
867 3930 1009 4009 ἐμπάζετο
1026 3931 1133 4012 μήλων.

204 4068 270 4112 nam
291 4070 318 4112 ν.
336 4061 390 4115 110
411 4061 441 4113 et
463 4063 517 4115 111
538 4074 630 4131 aeque
650 4058 752 4119 referri
773 4060 811 4120 ad
830 4080 856 4120 v.
874 4070 926 4122 111
947 4067 1040 4136 patet,
1061 4063 1137 4122 uude
1159 4061 1328 4123 efficiturut

203 4161 297 4219 neque
321 4148 447 4223 disiungi
467 4151 579 4225 priores
599 4152 642 4212 illi
661 4170 761 4214 versus
781 4156 906 4230 possint,
933 4163 963 4216 et
986 4158 1117 4232 ineptum
1140 4159 1198 4218 mm
1224 4161 1262 4219 sit
1286 4154 1328 4217 ἐνὶ
