3208 4848
713 372 949 439 -le-

267 566 376 628 Mortis
396 565 485 626 souis.
511 563 547 624 'Si
566 562 683 637 quidem
702 561 777 621 enim
797 561 923 621 existant
942 558 1044 633 ambo,
1063 574 1184 619 neeesse
1205 565 1260 632 est,
1280 563 1328 633 ut,
1348 559 1397 617 cui

268 661 365 721 omnia
384 658 546 719 eommunia
567 656 740 730 obtigerint,
766 669 857 728 opera
880 654 998 717 maioris
1017 659 1089 713 natu
1114 651 1213 712 iratris
1233 652 1391 712 imitetur«

270 748 355 812 burm
369 749 435 812 ἕλον
445 751 581 810 θανάτοιο
594 748 770 827 συνέμπορον
783 750 875 811 voluit
883 749 1030 809 Wernike.
1051 747 1146 807 Inlien
1160 763 1196 807 ex
1208 746 1395 807 Boissonadii

269 847 437 908 coniectura
458 840 546 910 ὕπνος
569 839 634 923 ἔχει
654 842 794 902 θανάτοιο
819 839 997 919 σονέμπορος
1024 840 1118 900 edidit
1142 840 1327 900 anacoluthia
1351 840 1395 898 in·

270 939 432 1011 tolerabili,
458 945 492 998 ut
510 943 590 997 recte
610 937 685 1001 vidit
701 953 804 997 censor
823 929 1037 1010 Gottingensis,
1063 940 1156 996 totum
1181 935 1275 994 locum
1295 938 1394 993 sutem

275 1034 317 1093 sic
339 1032 480 1093 vertendo
506 1033 662 1106 expressit:
692 1047 795 1104 »quum
819 1046 888 1090 vero
912 1030 1081 1088 inclinasset
1104 1029 1247 1087 cervicem
1270 1027 1392 1087 Somnus

145 1132 155 1149 ⁸
273 1143 347 1188 eam
366 1125 464 1199 nuber,
483 1126 551 1186 Leti
570 1126 678 1197 somnos
698 1126 724 1184 si
744 1126 820 1184 enim
841 1123 964 1184 eadem
983 1129 1099 1182 matre
1118 1121 1191 1181 editi
1210 1126 1278 1180 sunt
1299 1120 1394 1194 ambo,

270 1235 395 1280 necesse
415 1223 469 1292 est,
489 1225 522 1277 ut
537 1217 696 1290 Somnus,
716 1219 765 1290 qui
785 1218 882 1276 omnia
901 1215 1063 1276 eommunia
1081 1216 1202 1275 sortitus
1222 1220 1276 1279 est.
1298 1215 1398 1289 Opera

271 1312 444 1386 antiquioris
463 1311 563 1371 fratris
584 1311 614 1382 (i.
630 1326 654 1369 e.
668 1310 748 1382 Leti)
770 1315 931 1369 exerceat«
963 1308 1083 1368 Lacuna
1096 1308 1190 1368 locum
1203 1308 1395 1383 depravatum

270 1422 336 1467 esse
356 1407 501 1467 sententia
515 1411 580 1464 erat
593 1406 720 1464 censoris
734 1404 941 1478 Gottingensis.
975 1403 1071 1476 Serta,
1092 1408 1125 1461 ut
1144 1402 1275 1477 putabat,
1297 1419 1394 1462 emen·

270 1501 389 1563 datione
410 1500 542 1563 Graefius
562 1519 591 1575 p.
613 1508 668 1562 256
688 1501 781 1560 locum
801 1500 844 1558 sic
864 1499 992 1573 scripsit:

427 1667 443 1701 r
466 1688 473 1704 .
495 1687 503 1703 .
524 1687 531 1703 .
686 1645 897 1704 ἀνακλίνασκε
916 1643 951 1705 δὲ
970 1642 1066 1723 δειρὴν

427 1734 547 1813 ὕπνος,
567 1735 637 1814 ἐπεὶ,
657 1737 795 1797 θανάτοιο
815 1737 992 1815 συνέμπορος
1011 1736 1112 1815 εἴπερ
1132 1733 1253 1817 ἐτύχθη,

425 1832 547 1910 ἀμφίς,
567 1831 715 1912 ἀναγκαίη,
736 1831 760 1902 ξ.
774 1833 841 1890 rui.
863 1839 918 1896 stc.

269 1966 477 2039 reclinabat
502 1978 581 2038 eius
607 1979 734 2039 collum
755 1978 911 2038 Somnus:
938 1994 1031 2050 nam,
1058 1977 1088 2036 si
1108 1976 1173 2036 ille
1199 1991 1314 2036 comes
1339 1983 1397 2037 est

269 2073 414 2145 Mortis,
434 2088 587 2136 necesse
608 2079 676 2146 est,
698 2078 747 2145 ut,
767 2088 978 2132 communem
998 2087 1073 2130 cum
1092 2070 1210 2130 Morte
1229 2075 1395 2130 naturam

269 2170 411 2241 nactus,
431 2168 579 2228 seorsim
592 2165 705 2245 (ἀμφίς)
720 2183 862 2240 quoque
875 2167 965 2238 (solus
979 2182 1033 2240 per
1047 2167 1091 2238 se)
1112 2164 1205 2224 idem
1223 2181 1264 2223 ae
1277 2163 1395 2224 frater

269 2266 356 2321 natu
375 2262 488 2322 maior
508 2260 662 2321 efficere
681 2261 807 2334 possit.
843 2260 888 2320 Ut
903 2260 1001 2333 itaque
1022 2259 1102 2318 Mors
1125 2257 1289 2319 moribundi
1307 2264 1396 2332 caput

169 2418 171 2422 ,
269 2354 402 2427 inclinat,
422 2356 465 2414 ita
483 2355 560 2414 idem
579 2352 650 2413 iecit
670 2354 800 2414 Somnus.
841 2352 899 2413 Sed
919 2351 956 2412 de
983 2352 1083 2413 formis
1112 2351 1284 2424 quibusdum
1302 2353 1395 2411 levem

271 2448 481 2509 dubitationem
506 2449 577 2509 facit
596 2449 665 2510 God.
690 2450 765 2508 Mut.
791 2466 827 2508 ex
849 2466 906 2520 quo
931 2453 1016 2507 erunt
1040 2447 1180 2520 fortasse,
1207 2445 1256 2519 qui
1281 2443 1395 2519 praeie-

269 2548 351 2600 rant:
372 2539 599 2619 οτονάχιζεν·
621 2540 882 2601 emissemus
902 2540 928 2599 ὃ.
957 2542 1032 2601 Mihi
1051 2546 1149 2601 tamen
1165 2541 1256 2599 tutius
1271 2539 1395 2612 videtur,

270 2635 418 2707 vulgatum
447 2633 623 2693 drusilianus
646 2634 766 2694 fundum
789 2642 893 2710 putare
919 2637 1040 2696 verioris
1070 2635 1211 2697 lectionis.
1242 2673 1365 2688 .....
1381 2620 1396 2688 ἶ

270 2728 411 2803 Superest
431 2728 548 2788 dubium
569 2729 606 2789 de
626 2729 763 2791 adverbio
782 2728 884 2808 ἀμφίς,
910 2745 974 2788 cum
994 2729 1102 2788 tentari
1128 2729 1216 2787 etiam
1237 2726 1394 2800 potuisset:

270 2820 401 2901 uppud'
426 2823 579 2902 ἀναγκαίη,
605 2841 644 2885 sc.
665 2820 758 2900 ἐστίν,
789 2830 914 2899 aperte
937 2839 1088 2884 necesse
1109 2827 1173 2883 est.
1213 2824 1397 2896 Importunas

270 2923 368 2977 tamen
390 2918 596 2992 apostrophus,
617 2920 673 2978 etsi
691 2919 871 2979 tolerabilior
888 2918 948 2992 illo,
969 2919 1018 2992 qui
1038 2911 1150 2976 ὕπνωο’
1168 2918 1199 2975 in
1218 2917 1338 2989 vulgata
1354 2914 1397 2973 le·

270 3011 366 3071 ctione
391 3010 512 3070 obsidet.
546 3011 605 3072 Sed
624 3008 728 3090 ἄμφω
752 3009 852 3088 ἀναγκ.
877 3028 971 3084 neque
995 3028 1097 3071 sensus
1124 3010 1272 3083 admittit,
1301 3023 1397 3081 neque

270 3105 417 3177 correptio
436 3105 543 3164 vocalis
563 3126 589 3161 ω
613 3105 670 3164 alio
691 3104 806 3164 Ooluthi
831 3106 962 3178 exemplo
982 3105 1094 3165 adstrui
1114 3109 1243 3178 potest«
1286 3100 1397 3162 Graefii

276 3198 471 3257 coniecturam
495 3199 669 3272 improbavit
687 3199 834 3259 Hermann
857 3217 886 3274 p.
908 3207 945 3259 22
970 3216 1037 3259 nam
1064 3200 1206 3274 »primum
1231 3195 1399 3279 impeditior

269 3291 344 3352 haec
365 3297 511 3352 structura
527 3293 680 3353 verborum
700 3296 758 3366 est,
783 3309 869 3365 quam
888 3308 946 3366 qua
969 3292 1024 3354 hoc
1051 3309 1144 3366 genus
1171 3297 1324 3367 poetarum
1352 3290 1394 3349 ut·

270 3385 360 3459 solet;
386 3385 491 3445 deinde
516 3392 613 3445 autem
639 3384 833 3444 ἀνοκλίνασκε
857 3402 932 3458 quae
957 3388 1038 3447 verbi
1064 3387 1157 3451 forma
1183 3393 1397 3469 frequentativa

272 3485 325 3549 est,
346 3480 482 3539 abhorret
501 3480 538 3539 ab
558 3478 643 3539 huius
657 3480 713 3539 loci
732 3481 871 3540 ratione«
903 3481 999 3552 Quare
1013 3483 1188 3562 Hermanno,
1212 3507 1315 3563 »quae
1334 3509 1399 3550 cum

273 3572 329 3633 hoe
347 3574 501 3647 participio
521 3573 716 3635 cohaerebant
741 3573 845 3646 verba,
870 3573 973 3634 deesse
998 3577 1141 3636 videntur.
1184 3583 1218 3641 In
1238 3585 1275 3644 iis
1301 3592 1399 3645 autem

272 3681 348 3738 quae
368 3673 535 3741 sequuntur,
554 3666 581 3726 'si
600 3674 718 3741 praeter
737 3664 825 3744 εἴπερ,
846 3668 922 3740 quod
941 3676 1022 3729 recte
1042 3688 1061 3730 a
1082 3672 1198 3735 Graefiu
1218 3679 1395 3754 restitutum,

269 3761 457 3835 participium
477 3761 563 3820 duale
581 3768 748 3835 reponatur,
769 3763 865 3821 omnia
883 3762 972 3836 plana
991 3769 1073 3823 snnt:

477 3901 565 3971 ὕπνος
582 3901 645 3964 ἐπεὶ
663 3903 801 3964 θανάτοιο
821 3903 999 3982 συνέμπορος
1017 3905 1098 3984 εἴπερ
1122 3908 1243 3992 ἐτύχθη,

476 3998 565 4078 ἄμφω
585 3999 723 4077 ἀναγκαίη
744 3997 841 4078 ξυνήϊα
859 3996 952 4056 πάντα
972 3999 1096 4079 λαχόντε

476 4087 550 4171 ἔργα
568 4092 766 4170 παλαιοτᾴοοιο
786 4091 969 4171 κασιγνήτοιο
989 4092 1113 4155 διώκειν.
1152 4163 1155 4169 ,
