3210 4836
761 417 970 480 „44-

302 603 496 661 coniecturam
517 601 701 674 improbavit,
725 603 791 674 »qui
811 619 881 661 casu
895 607 999 675 quarto
1013 597 1074 678 ἔριν
1088 619 1124 661 ex
1136 603 1218 662 libris
1232 603 1425 663 deterioribus

300 701 419 767 recepto
444 689 501 754 non
526 696 618 754 solum
644 695 774 754 ultimam
799 697 877 754 vocis
900 693 993 772 μήλου
1020 696 1159 768 syllabam
1179 687 1280 756 contra
1301 697 1427 757 colluthi
1522 776 1528 781 ρ

301 787 536 848 consuetudinem
556 788 697 861 corripuit
724 792 761 857 (v.
782 789 914 848 Schneid.
936 807 964 861 p.
980 794 1049 860 411)
1074 791 1206 861 maleque
1236 791 1308 849 elisa
1333 792 1426 850 vocali

300 880 472 952 particulam
493 877 528 937 τέ
546 881 575 951 [a
596 878 729 939 collutho
752 897 894 953 nusquam
915 889 1083 955 usurpatam
1104 882 1154 941 cfr.
1169 883 1207 941 ud
1221 903 1247 941 v.
1264 887 1331 956 104]
1352 885 1426 941 inse·
1451 933 1453 936 ⁴

300 973 358 1034 ruit
379 978 417 1043 (v.
431 972 530 1030 Ludw.
548 973 643 1045 Symb.
659 977 722 1033 crit.
737 994 767 1048 p.
783 984 833 1048 34)
854 977 905 1035 sed
927 978 1015 1035 etium
1035 993 1109 1048 qnae
1130 978 1206 1035 inter
1224 993 1256 1036 se
1269 978 1425 1036 cohaerere

300 1073 522 1125 consentaneum
551 1073 596 1125 est
622 1067 773 1144 πτολέμοιο
800 1067 976 1146 προάγγελον
1001 1065 1086 1146 ἔρνος
1111 1069 1174 1141 (cfr.
1201 1087 1285 1143 quem
1310 1087 1425 1128 versum

299 1158 452 1218 Bekkerus
473 1161 572 1218 attulit
591 1161 675 1220 Dion.
690 1163 761 1220 XXI
783 1170 837 1220 225
860 1156 958 1228 ἔννεπε
979 1160 1027 1218 καλ
1047 1161 1180 1238 πολέμοιο
1194 1160 1358 1240 πρυάμγελα
1377 1154 1449 1241 σή
1531 1190 1535 1196 ·
1597 1130 1598 1159 ἢ

297 1271 376 1327 ματα
395 1253 516 1329 φαίνων)
543 1255 590 1312 vix
614 1261 694 1314 recte
723 1256 886 1314 distraxit«.
930 1256 1018 1314 »Post
1037 1273 1062 1314 v.
1080 1264 1115 1315 61
1136 1257 1182 1314 vel
1207 1258 1292 1314 deest
1315 1272 1425 1328 versus,

300 1346 350 1421 qui
369 1345 458 1404 verba
471 1346 577 1415 Eridis‚
599 1349 666 1405 mali
679 1350 829 1421 originem,
846 1366 873 1407 n.
888 1349 1080 1421 pulcerrimae
1101 1348 1227 1407 dandum
1242 1364 1305 1407 esse
1319 1349 1424 1406 malum

299 1438 436 1512 reddidit,
447 1441 495 1498 vel
507 1440 655 1499 (lolluthns
668 1442 866 1514 negligentiae
877 1440 1052 1511 incusandus
1064 1447 1135 1500 estc.
1150 1442 1289 1499 Harles.
1301 1475 1330 1482 -
1341 1440 1425 1516 daura

300 1531 368 1610 λήος
381 1549 434 1606 pro
452 1533 620 1610 παράκοιτις
637 1522 756 1607 prorsus
777 1537 873 1595 otioso
895 1540 925 1593 et
946 1553 981 1594 ex
1002 1537 1099 1608 glossa
1111 1535 1263 1594 verborum
1278 1533 1376 1610 ἀγαλλ.
1391 1534 1424 1590 Δ,

300 1621 355 1682 edu.
376 1628 406 1684 in
426 1634 536 1686 textum
557 1629 638 1687 illato
666 1629 740 1686 male
766 1629 838 1689 coni.
877 1629 1019 1688 Tournier
1038 1648 1066 1702 p.
1084 1637 1128 1689 16.
1156 1661 1188 1669 -
1219 1625 1262 1686 66
1283 1625 1424 1706 κινήσασα

300 1720 383 1778 codd.
404 1727 434 1778 et
454 1720 518 1778 edd.
540 1728 608 1778 ante
633 1721 750 1793 Lehrs3
778 1719 925 1798 δινήσασα
945 1724 1002 1781 iam
1023 1729 1091 1781 ante
1111 1739 1157 1780 me
1182 1722 1255 1786 coni.
1276 1721 1423 1779 Hermann
1520 1735 1523 1738 ⁴

299 1830 328 1886 p·
344 1821 379 1871 12
402 1815 490 1885 »Quis
511 1814 611 1872 credat
634 1816 747 1872 etiamsi
768 1815 810 1876 sio
830 1817 909 1888 loqui
929 1817 1012 1874 licuit
1031 1821 1146 1890 poetae,
1166 1820 1263 1873 temen
1281 1815 1423 1873 neminem

228 1954 230 1957 .
300 1907 445 1964 exstitisse
469 1908 518 1979 qui
545 1903 686 1984 δινήσασα
710 1913 914 1981 reponeretis,
937 1916 967 1968 et
986 1910 1117 1968 laudavit
1139 1910 1212 1968 hanc
1235 1909 1422 1967 mutationem

298 1999 410 2059 Tiedke
425 2003 467 2072 (in
481 2003 589 2061 Herma
601 2002 673 2060 XlII
686 2021 714 2075 p.
731 2006 812 2074 354‚)
828 2003 877 2061 ubl
891 2005 986 2062 allatis
1001 2003 1131 2061 versibus
1145 2002 1229 2060 Dion.
1243 2002 1271 2059 ll
1286 2005 1350 2060 407.
1366 2001 1422 2059 XX

300 2099 355 2153 502
376 2093 473 2172 (χερσὶ
487 2093 520 2153 δὲ
534 2093 695 2168 δινεύουσα)
715 2097 840 2155 XXXIV
855 2105 911 2156 304
926 2106 957 2155 et
969 2097 1094 2155 XXXVI
1114 2092 1201 2172 (χειολ
1214 2092 1248 2152 δὲ
1261 2092 1421 2157 δινεύουσα)

299 2186 446 2246 vocabulis
466 2186 551 2246 δινέω
572 2196 602 2248 01
621 2186 722 2247 δινεύω
745 2191 860 2262 saepius
881 2191 1013 2249 Nonnum
1035 2206 1116 2253 usum
1137 2205 1202 2246 esse
1222 2189 1363 2260 probavit.
1384 2218 1421 2230 -

300 2278 340 2339 63
351 2278 468 2356 peliden
489 2281 563 2354 (fuit,
578 2281 815 2360 01660,μο’χδον)
831 2282 868 2354 Ο;
887 2301 1094 2360 πρωτοσπορυν
1107 2281 1150 2354 Μ,
1169 2279 1367 2358 πρυτόσπορον
1382 2280 1418 2352 G3

298 2368 485 2451 ἔρριψενΑΜ.
498 2378 622 2435 correxit
631 2376 834 2450 Falkenburg3
847 2376 947 2455 χῶρον
957 2378 1003 2449 Μ;
1015 2372 1101 2453 ὧρινε
1112 2377 1149 2448 Q3
1158 2407 1191 2417 —-
1205 2373 1247 2433 64
1258 2372 1363 2430 κέκλεο
1374 2371 1423 2429 καλ

297 2463 352 2544 ήρή
362 2468 386 2525 Ρ
396 2485 431 2526 ex
443 2486 467 2527 v.
483 2472 533 2541 ⁷53
552 2468 729 2548 παράκοιτής
741 2476 809 2529 ante
823 2487 897 2529 corr.
908 2471 954 2543 Μ,
975 2469 1207 2546 ἀγαλλομενήΜ;
1229 2466 1294 2548 εὐνή
1304 2470 1345 2541 Μ,
1356 2465 1422 2546 εὐνή

300 2561 338 2631 Q3
350 2593 384 2602 -
401 2560 441 2620 65
456 2559 543 2640 ήδελε
558 2562 703 2640 λήῖζεσδαι
713 2564 759 2635 Μ;
773 2596 810 2605 -
826 2562 878 2621 66.
894 2564 978 2622 Hunc
991 2580 1104 2622 versum
1119 2563 1168 2634 qui
1181 2563 1209 2618 in
1219 2562 1252 2619 M
1265 2568 1333 2634 post
1345 2579 1371 2620 v.
1385 2570 1421 2622 68

297 2654 417 2727 legitur,
445 2657 580 2715 omittunt
604 2656 686 2714 codd.
709 2656 780 2714 dett.
803 2661 833 2714 et
854 2656 919 2713 edd.
941 2672 1038 2714 omnes
1067 2661 1135 2712 ante
1155 2654 1258 2712 Lehrs.
1279 2671 1335 2712 sec.
1357 2672 1421 2712 cnm

296 2760 353 2804 non
382 2748 618 2806 animadverterit
647 2746 764 2804 Berler
799 2763 862 2804 eum
889 2748 919 2803 in
945 2746 977 2804 M
1010 2753 1118 2804 extare.
1163 2746 1276 2804 Primus
1306 2763 1419 2806 versum

297 2834 389 2898 edidit
407 2841 442 2899 Ε.
457 2841 555 2900 Miller
577 2829 687 2914 »Eloge
708 2842 745 2899 de
765 2828 803 2899 la.⁴
817 2841 994 2919 Chevelurec
1016 2857 1043 2913 p.
1060 2847 1104 2898 16.
1128 2841 1172 2898 li.
1203 2859 1257 2917 ήρή
1277 2837 1306 2896 δ’
1326 2861 1360 2898 ou
1373 2841 1420 2912 M;

296 2929 482 3011 οὐχυποεικεν
501 2936 548 3007 Μ,
575 2952 650 3007 quae
671 2937 760 2994 tacite
786 2936 913 2994 correxit
936 2934 1065 3002 Pressel‚
1091 2934 1147 2991 nisi
1173 2934 1249 3006 quod
1274 2931 1327 3012 ήρή
1352 2938 1420 2994 scri·

296 3026 368 3098 psit,
394 3032 539 3085 retentum
560 3029 648 3086 etiam
669 3046 687 3086 a
707 3029 883 3088 Schneidero
902 3046 931 3100 p.
946 3035 1011 3086 414.
1045 3021 1114 3106 Ἥρή
1136 3043 1190 3100 ego
1215 3029 1318 3100 scripsi
1338 3045 1421 3101 prae·

297 3123 382 3175 eunte
401 3117 532 3178 Lehrsio.
573 3121 618 3178 De
639 3122 742 3178 lacuna
764 3122 903 3192 cogitavit
925 3121 981 3178 iam
1007 3122 1136 3194 Lennep‚
1157 3122 1238 3179 cuius
1258 3121 1331 3180 haec
1354 3129 1421 3180 sunt

295 3209 397 3268 verba:
430 3212 538 3270 »Miror
558 3229 594 3270 ne
619 3214 768 3272 verbulum
789 3215 904 3286 quidem
926 3214 995 3272 addi
1015 3215 1051 3272 de
1071 3215 1218 3287 Minerva,
1239 3231 1303 3273 cum
1322 3222 1419 3274 tamen

297 3308 327 3360 et
346 3304 397 3362 illa
417 3306 493 3376 pomi
509 3307 590 3364 aurei
607 3308 679 3366 miro
702 3307 855 3365 tenebatur
876 3307 1029 3378 desiderio,
1050 3324 1143 3379 aeque
1164 3314 1251 3379 etque
1271 3309 1368 3366 Venus
1388 3315 1420 3366 et

296 3395 376 3454 Iuno.
418 3397 494 3455 Hinc
513 3400 644 3471 suspicor
666 3400 767 3458 deesse
788 3402 960 3460 versiculum
981 3419 1067 3459 unum
1088 3406 1139 3459 aut
1159 3403 1290 3472 alterum,
1312 3402 1362 3460 ubi
1382 3402 1419 3461 de

219 3534 221 3537 .
295 3488 429 3547 Minerva
451 3497 602 3565 ageretur,
624 3500 653 3551 et
674 3493 789 3565 quidem
809 3502 875 3566 post
895 3512 1008 3553 versum
1023 3503 1089 3553 641.
1131 3497 1163 3552 ln
1185 3495 1304 3553 eandem
1327 3478 1419 3568 suspi-

294 3584 404 3641 cionem
430 3584 592 3643 inclderunt
622 3587 714 3645 lulien
742 3594 772 3646 et
798 3588 943 3662 Graefius,
969 3590 1018 3660 qui
1043 3589 1101 3647 tale
1128 3589 1418 3662 distichonperiisse

294 3677 407 3748 putauit
426 3696 453 3750 p.
470 3685 538 3737 244:

386 3867 388 3870 Α
447 3801 565 3870 Παλλὰς
583 3805 623 3880 δ’,
647 3806 693 3864 οἷα
713 3806 779 3873 Διὸς
800 3807 929 3886 δυήάτήρ
951 3806 1113 3883 Κρονίωνος
1133 3806 1261 3888 ἀμήτωρ,

447 3897 508 3978 νίκή
529 3899 693 3978 τερπομένη,
714 3900 867 3982 πρεσβήϊον
886 3896 957 3979 ᾔτεε
977 3900 1064 3976 νίκής.

292 4035 429 4097 Lacunae
443 4035 525 4109 signa
538 4038 647 4109 primus
664 4037 762 4109 posuit
773 4036 867 4094 Lehrs
882 4037 910 4092 in
924 4036 1019 4109 prima
1033 4034 1170 4108 editione,
1191 4038 1309 4096 iubente
1329 4036 1417 4096 etiam
1446 4062 1450 4066 ⁴

292 4129 457 4188 Hermanno
471 4148 499 4202 p.
514 4137 558 4189 12.
588 4131 628 4188 Et
643 4128 729 4189 λείπει
743 4147 761 4189 a
774 4131 868 4202 prima
881 4144 969 4187 mauu
981 4131 1057 4187 inter
1073 4147 1115 4188 vv.
1127 4137 1163 4189 66
1180 4134 1209 4187 et
1223 4132 1258 4188 67
1274 4131 1375 4221 iamin
1389 4131 1416 4188 N
