3208 4848
719 352 1005 436 -rao-ss·

269 559 397 633 Rrimum
422 557 567 632 improbat
591 557 721 619 Beklreri
749 559 903 620 lectionum
933 552 1132 627 νύξ-ὤπασεν
1157 554 1202 637 ἠῶ
1225 554 1401 637 ἀρχομένην,

273 654 355 727 aquis
381 652 457 712 onim
481 634 531 711 uhi
556 652 653 712 dicere
678 652 770 713 voluit
794 652 871 715 diem
891 652 1077 715 subsecutum
1103 667 1168 711 esse
1192 657 1322 725 noctem,
1348 657 1401 711 ant

270 747 344 807 dixit
363 761 497 818 umquam
518 751 569 804 aut
589 745 687 805 dicere
707 746 799 806 voluit
817 751 930 805 noctem
950 746 1067 806 dedisse
1087 762 1249 806 auroram«
1291 746 1400 807 Verum
1425 784 1431 792 ·

270 841 439 904 enimvero
465 856 522 899 non
548 840 640 900 volmt
665 839 762 899 dicere
788 839 865 898 diem
892 837 1077 904 subsecutum
1103 856 1168 900 esse
1193 844 1321 909 noctem,
1347 838 1401 899 sed

272 939 385 993 noctem
407 933 533 992 edidisse
552 933 696 994 Auroram
716 934 870 1007 orientem,
898 931 952 992 sub
972 950 1030 1006 qna
1049 933 1230 1007 potissimum
1256 933 1400 993 somniare

269 1025 345 1086 solet
373 1025 527 1084 humanum
553 1041 653 1097 genus.
698 1025 812 1084 Deinde
838 1025 996 1085 Hermanni
1021 1026 1216 1086 coniecturam
1240 1013 1287 1103 ηοῖ
1310 1024 1400 1105 ἀρχο-

266 1114 338 1199 μένη
358 1119 514 1192 vituperat,
535 1135 601 1176 nam
624 1119 708 1177 »hnic
727 1134 841 1191 quoqne
863 1118 962 1179 obstat
981 1119 1058 1190 qnod
1078 1136 1134 1179 non
1154 1119 1192 1178 de
1205 1135 1263 1180 nna
1276 1118 1398 1200 Helena,

269 1213 321 1272 sed
337 1213 374 1271 de
387 1212 518 1272 omnibus
532 1212 695 1273 hominibus
711 1211 862 1277 colluthus
875 1212 1031 1285 loquitur«
1063 1212 1135 1271 Tum
1150 1214 1261 1286 pergit:
1278 1214 1399 1285 »laque

269 1306 481 1385 desperandum
503 1306 731 1367 existimaremus
755 1305 791 1364 de
811 1306 949 1366 hocloco
971 1322 1044 1378 esse,
1065 1307 1121 1364 nisi
1142 1306 1234 1366 codex
1253 1306 1399 1365 Mutinen-

269 1401 319 1475 sis,
339 1407 372 1460 ut
390 1400 553 1460 Presselius
574 1399 683 1474 [falsoll
708 1406 807 1459 monet
825 1400 948 1459 haberet
967 1416 1023 1458 non
1044 1399 1207 1478 dopape'op
1234 1401 1301 1472 [hoc
1320 1401 1399 1460 clara

268 1495 376 1569 legitur
394 1496 424 1553 in
447 1496 493 1569 M]
514 1495 566 1554 sed
586 1491 761 1573 ἐρχομένην,
788 1510 844 1566 quo
864 1495 907 1552 ita
926 1494 1035 1553 utimur
1058 1499 1091 1552 ut
1113 1494 1272 1554 scribamus
1293 1490 1344 1562 νύξ
1363 1525 1397 1537 -

270 1582 384 1653 ὤπασεν
404 1586 447 1666 ἠῶ
467 1585 611 1668 ἐρχομένη
630 1591 649 1645 i.
671 1605 696 1648 e.
716 1604 783 1648 nox
807 1589 953 1648 veniens
974 1587 1067 1647 diem
1087 1589 1221 1661 abegit
1261 1589 1311 1647 nbi
1331 1584 1399 1645 ὀπά-

270 1681 327 1748 ζειν
347 1682 455 1742 dictum
479 1691 512 1741 ut
535 1685 565 1741 in
585 1684 668 1743 Hom.
689 1682 722 1740 Il.
746 1690 777 1752 8,
799 1689 853 1741 341
881 1680 920 1748 ὡς
937 1678 1053 1759 Ἕκτωρ
1077 1677 1175 1749 ὤπαζε
1194 1679 1400 1761 καρηκομόων-

269 1794 324 1841 τας
339 1771 467 1853 Ἀχαιούς
489 1810 538 1847 -,
564 1773 625 1855 ηὼς
650 1781 746 1835 antem
771 1782 886 1836 constat
911 1792 1000 1850 saepe
1025 1777 1132 1849 opponi
1157 1777 1236 1835 nocti
1262 1782 1293 1834 et
1320 1775 1398 1834 diem

269 1867 458 1941 significare«
511 1872 593 1943 Quae
627 1871 722 1929 omnia
751 1870 832 1929 nihili
862 1876 941 1942 sunt;
978 1871 1147 1944 saepissime
1180 1871 1255 1928 enim
1285 1866 1400 1935 ὀπάζειν

270 1963 408 2023 vocabulo
433 1982 502 2023 usus
532 1969 578 2023 est
603 1964 767 2036 Colluthus,
798 1981 938 2036 nusquam
968 1969 1066 2022 tamen
1092 1965 1149 2023 alio
1175 1980 1260 2036 qnam
1287 1962 1399 2021 dandi

268 2072 369 2127 sensu,
392 2062 422 2116 at
441 2056 603 2136 ἀρχομένην
624 2064 725 2117 contra
749 2057 918 2117 Schneideri
938 2064 968 2116 et
988 2058 1100 2129 aliquot
1120 2058 1299 2118 deteriorum
1321 2056 1400 2116 codi-

269 2166 333 2209 cum
358 2151 531 2225 scripturam
557 2149 699 2229 ἐρχομένη
724 2152 812 2211 etiam
831 2152 926 2210 Nonni
952 2153 1128 2210 auctoritate
1149 2152 1248 2223 (Dion.
1270 2159 1320 2226 34,
1343 2159 1398 2211 100

270 2241 437 2322 ἀρχομένης
457 2245 534 2322 φάος
553 2243 633 2324 ἠοῦς)
652 2247 724 2304 satis
745 2262 894 2320 superque
904 2243 1077 2303 defenditur.
1101 2279 1131 2287 -
1155 2246 1297 2307 Teurnier
1316 2262 1344 2319 p.
1359 2248 1396 2306 3'l

267 2334 431 2415 ααρηχομον
450 2344 481 2398 et
495 2335 638 2418 ἐρχομένη
653 2357 689 2399 ex
703 2341 872 2403 Schneideri
891 2342 1057 2400 coniectura
1075 2342 1196 2414 recepit,
1216 2346 1277 2400 tum
1290 2334 1397 2417 ἤλασεν

266 2448 320 2504 pro
341 2426 456 2490 ὤπασεν
472 2435 589 2508 scripsit
602 2436 737 2496 Nonnum
757 2442 874 2495 secutus
889 2434 973 2495 Dion.
988 2434 1098 2494 XXXV
1118 2441 1174 2494 242
1195 2432 1286 2491 νύκτα
1302 2430 1394 2512 φαέο·

268 2544 361 2602 φομος
380 2520 483 2602 ἤλασεν
502 2521 602 2605 Ἑρμῆς
620 2534 707 2601 atque
722 2527 797 2586 infra
810 2525 860 2605 τὴν
873 2525 905 2584 δ’
925 2525 1181 2605 ἐλεφαντινέην
1201 2527 1310 2585 κενεῶν
1324 2525 1396 2605 ἀφέ-

269 2636 365 2694 τειραν
379 2618 498 2697 ὀνείρων
513 2621 695 2681 scribendum
710 2639 774 2682 esse
795 2624 925 2682 coniecit.
955 2622 1003 2680 Ad
1015 2623 1168 2681 veritatem
1181 2623 1300 2696 propius
1315 2637 1396 2681 acce-

268 2710 339 2769 dens
359 2712 432 2771 haec
445 2713 550 2772 Harles
571 2714 608 2772 ad
627 2715 655 2773 h.
669 2716 702 2773 l.:
726 2715 824 2773 »Haeo
843 2721 940 2773 autem
956 2716 1059 2775 somnii
1073 2714 1294 2788 descriptio'vel
1307 2715 1395 2787 plana

267 2805 393 2865 inaniter
413 2808 458 2865 vel
477 2808 575 2880 iniquo
599 2809 662 2869 loco
687 2810 784 2883 posita
807 2825 871 2868 esse
893 2809 1022 2881 videtur,
1050 2816 1080 2868 et
1097 2809 1152 2867 nisi
1178 2825 1231 2883 per
1250 2808 1395 2867 inscitiam

267 2907 373 2974 poetae
393 2902 448 2961 hoc
469 2918 505 2961 ea
526 2904 588 2962 loco
608 2903 733 2962 inaniter
752 2902 831 2962 lacta
851 2904 898 2976 sit,
919 2908 987 2961 ante
1007 2903 1162 2962 adventum
1177 2902 1299 2963 Paridos
1320 2919 1396 2963 com·

267 2993 381 3054 modius
402 3013 420 3053 a
441 2995 563 3054 Golutho
584 2998 716 3056 collocati
736 2997 766 3055 hi
785 3015 885 3056 versus
904 2995 1026 3069 ἱματίοις
1052 3002 1084 3055 at
1102 2997 1282 3070 negligentia
1309 2996 1396 3056 libra·

267 3087 376 3145 riorum
395 3087 512 3162 fecerit,
533 3095 567 3147 ut
585 3090 642 3148 hnc
661 3091 812 3163 translati,
832 3091 981 3168 iidemque
998 3092 1093 3149 mutili
1114 3090 1228 3150 omissis
1248 3092 1298 3163 qui
1317 3096 1398 3151 uan-

268 3181 355 3240 situm
375 3181 524 3241 efficerent
543 3182 718 3256 faciliorem,
745 3184 843 3244 sedem
863 3191 1041 3259 occuparent
1060 3186 1215 3257 iniquam«
1257 3185 1297 3243 Et
1316 3200 1396 3257 sane,

267 3275 293 3333 si
311 3291 357 3333 me
378 3276 471 3350 audis,
493 3277 620 3337 dubitari
640 3279 754 3337 omnino
775 3280 877 3351 nequit
896 3280 1013 3339 aliunde
1030 3281 1086 3340 hoc
1107 3296 1206 3338 versus
1228 3278 1403 3350 desumptus

268 3386 341 3430 esse.
387 3371 515 3431 Oiiendit
537 3373 613 3430 enim
638 3372 669 3430 in
694 3374 811 3446 vulgato
838 3389 973 3432 versuum
997 3373 1112 3442 ordino,
1138 3372 1216 3445 quod
1241 3378 1395 3446 postquam

268 3465 383 3525 dixerat
402 3465 527 3525 Helena:
550 3466 644 3541 Cape
663 3483 715 3526 me
734 3473 770 3526 et
786 3469 926 3528 Troiam
945 3473 1061 3527 tecum
1081 3467 1206 3539 avehe,
1226 3481 1262 3524 ne
1276 3465 1396 3527 verbnm

268 3559 385 3633 quidem
400 3560 530 3619 additum
544 3567 598 3635 est,
613 3561 682 3634 quid
696 3561 732 3620 de
746 3561 853 3620 Paride
867 3563 934 3621 inde
948 3578 1063 3620 amane
1076 3560 1191 3634 qnando
1205 3577 1268 3619 cnm
1282 3561 1396 3620 Helena

268 3669 439 3726 congressus
466 3660 524 3727 est,
548 3671 602 3728 per
621 3663 712 3715 totum
738 3656 813 3715 diem
838 3654 948 3716 iactum
968 3657 1021 3728 sit,
1045 3670 1139 3728 neque
1164 3655 1219 3714 hoc
1244 3654 1396 3719 offensioni

267 3762 332 3807 esso
352 3764 409 3807 non
428 3755 534 3822 potest,
555 3750 632 3822 qnod
645 3751 717 3809 nihil
729 3750 843 3810 Helena
856 3751 892 3808 de
907 3748 1108 3823 postponenda
1121 3764 1214 3821 usqne
1227 3747 1266 3806 ad
1281 3754 1396 3811 noctem

267 3838 338 3912 fuga
358 3845 509 3900 monuerit.
538 3844 716 3918 Transposui
736 3846 826 3917 igitur
838 3861 938 3903 versus
952 3843 1009 3902 huc
1028 3847 1095 3916 post
1112 3859 1139 3899 v.
1154 3849 1220 3914 364,
1240 3841 1395 3900 ubimulta

268 3935 381 4009 aptiore
401 3936 465 3995 loco
485 3937 573 4011 positi
594 3953 658 3996 esse
680 3937 822 3996 videntur.
862 3937 944 3995 Dixit
964 3942 1063 3995 autem
1082 3942 1184 4009 poeta:
1208 3935 1282 3993 »Per
1301 3938 1395 4001 totum

268 4029 343 4087 enim
364 4028 441 4087 diem
459 4037 581 4088 matrem
601 4032 766 4104 quaerendo
780 4030 858 4089 fessa
870 4030 1028 4091 Hermione
1043 4030 1294 4104 appropinquante
1308 4033 1395 4091 nocte

268 4121 332 4196 loir·
346 4141 372 4182 v.
388 4130 443 4183 345
458 4129 489 4182 et
502 4128 570 4195 359)
588 4125 705 4191 tandem
720 4124 902 4201 obdormivit,
923 4130 954 4184 at
966 4124 1067 4185 labore
1081 4124 1260 4198 defatigatae
1275 4122 1393 4199 puellae
