3210 4836
500 771 975 1203 Au

726 1190 791 1256 ua
1044 1269 1051 1284 ·

762 1343 804 1410 u
906 1344 962 1412 sv

281 1530 305 1596 O
327 1535 361 1596 et
381 1530 416 1611 L,
445 1532 499 1615 qui
520 1552 618 1615 saepe
639 1532 726 1596 inter
746 1518 779 1597 se
809 1531 1017 1610 consentiunt,
1045 1530 1142 1597 modo
1172 1529 1215 1595 ad
1237 1531 1266 1595 A
1285 1530 1320 1609 Q,

193 1639 290 1708 modo
323 1640 367 1706 ad
396 1640 465 1708 NR
492 1642 626 1725 propius
655 1641 812 1706 accedunt
842 1646 874 1707 et
903 1639 1025 1705 nullam
1055 1645 1176 1705 certam
1204 1641 1238 1704 in
1264 1639 1325 1705 hoc

193 1755 362 1815 stemmate
376 1750 485 1816 sedem
499 1750 636 1832 habent3
652 1750 681 1816 G
695 1749 813 1815 librum
828 1770 868 1815 ex
883 1750 1023 1816 editione
1039 1749 1234 1833 descriptum
1249 1770 1319 1816 esse

192 1860 259 1926 iam
284 1880 383 1942 supra
404 1862 521 1926 monui.
545 1898 587 1908 —

280 1970 373 2048 Quod
395 1976 503 2037 autem
525 1972 568 2036 ad
590 1972 670 2037 artis
690 1971 820 2036 criticae
834 1991 934 2055 genus
951 1970 1100 2037 Collutho
1125 1970 1325 2037 emendando

195 2080 416 2146 adhibendum
432 2083 582 2165 pertinet,
606 2082 699 2149 velim
715 2082 924 2148 recordentur
937 2081 1074 2147 lectores
1088 2083 1242 2146 miserum
1257 2102 1327 2147 car·

194 2190 290 2258 minis
318 2196 439 2257 statum
469 2215 489 2259 a
516 2192 711 2259 Schneidero
738 2213 770 2276 p.
786 2193 970 2257 404-407
994 2191 1250 2275 eloquentissime
1273 2191 1327 2257 ds·

196 2302 366 2385 scriptum,
390 2306 432 2382 et,
455 2302 541 2385 quod
563 2302 765 2368 Hermannus
787 2303 911 2385 primus
934 2302 1176 2382 animadvertit,
1203 2302 1236 2366 in
1259 2300 1326 2367 001-

196 2409 288 2476 lutho
315 2416 384 2477 tres
412 2412 554 2477 maxime
581 2411 834 2496 perturbationis
862 2411 974 2479 modos
996 2413 1147 2495 reperiri,
1177 2412 1218 2478 ab
1248 2413 1327 2497 ipsis

196 2526 394 2588 monstratos
424 2521 601 2602 codicibus,
637 2522 785 2604 lacunas,
819 2521 1084 2605 transpositiones
1117 2543 1266 2588 versuum
1295 2527 1327 2589 et

197 2651 312 2697 manus
339 2633 539 2699 correctoris.
584 2631 705 2710 Quibus
734 2632 1031 2717 perturbationibus
1061 2633 1087 2698 si
1117 2632 1254 2698 aliorum
1281 2633 1329 2699 in-

199 2742 301 2809 ventis
330 2743 412 2810 bene
437 2763 515 2809 usus
542 2743 718 2811 salutarem
747 2764 974 2828 nonnunquam
996 2763 1128 2810 manum
1150 2743 1327 2809 admovisse

198 2852 322 2933 credar,
345 2854 424 2920 satis
444 2873 496 2920 me
517 2854 630 2921 fecisse
652 2853 846 2922 arbitrabor.

284 3003 406 3092 Scripsi
427 3006 638 3092 Budapestini
660 3007 728 3074 Gal·
750 3007 846 3073 Mart.
869 3026 899 3074 a
921 3005 1191 3074 Mooootxxx.

1108 3195 1323 3291 E..Abel.
