3208 4848
667 410 879 472 -79-

330 610 331 613 ¹
401 591 453 668 νήα
469 588 523 665 μὲν
543 585 593 648 οὖν
612 586 715 668 ἐνόησε
735 590 784 650 καλ
803 590 857 650 οὐκ
876 589 1000 670 ἤσκησεν
1018 591 1141 673 Ἀθήνησι

212 701 371 760 Schneider
391 719 420 773 p.
434 709 491 760 440
513 701 676 760 colluthum
697 704 741 760 vel
763 702 801 760 ad
815 705 933 762 Homeri
954 706 1115 778 exemplum
1136 707 1190 777 (IX
1204 715 1257 768 283
1280 707 1330 768 νέα

204 792 261 870 μέν
282 813 332 869 μοι
358 792 484 861 κατέαξε
512 791 679 850 Ποσειδάων
703 792 879 873 ἐνοσίχθων)
912 795 979 860 νέας
1004 794 1039 862 ἃς
1065 794 1117 854 οὐκ
1144 796 1262 876 ἐνόησεν
1289 793 1362 872 (ut‘

207 886 344 946 ediderat
371 886 519 957 Schaeier)
546 887 697 959 scripsisse
723 889 769 946 vel
795 889 893 947 Attico
919 906 1000 947 nsum
1027 907 1091 949 esse
1117 893 1186 958 ναῦς
1209 897 1329 966 putavit.

208 988 382 1053 ‚unamque
402 988 499 1040 antem
519 982 644 1053 scripsit,
664 982 693 1038 in
714 999 748 1040 eo
768 1000 824 1042 non
846 982 902 1040 erit
919 983 1106 1056 haerendum,
1127 986 1203 1057 qnod
1224 1004 1329 1060 epana-

206 1074 298 1146 lepsis
318 1072 411 1146 figura
432 1090 499 1131 usus
515 1072 663 1132 colluthus
677 1075 832 1145 repetitam
846 1090 945 1133 vocem
959 1060 1107 1147 paululum
1125 1079 1331 1139 immutaverit.

206 1183 274 1225 nam
289 1184 307 1225 a
320 1168 374 1225 tali
387 1168 534 1224 anxietate
552 1171 582 1224 et
595 1167 646 1223 alii
658 1183 747 1240 saepe
760 1175 865 1240 poetae
879 1169 966 1227 alieni
980 1168 1096 1227 fuerunt
1116 1170 1179 1242 (eir.
1194 1173 1332 1233 Meineke

211 1260 248 1318 ad
269 1259 436 1318 callimach.
457 1277 485 1333 p.
501 1265 568 1330 248)
589 1267 619 1318 et
638 1277 740 1332 parum
761 1262 841 1319 illam
862 1264 956 1335 legem
970 1272 1108 1323 curarunt
1127 1265 1211 1324 huius
1232 1270 1330 1325 sectae

206 1359 327 1424 poetae:
353 1351 403 1410 cfr.
418 1354 510 1411 Nonn.
525 1353 643 1425 Dionys.
658 1354 704 1425 47,
719 1360 775 1413 486
797 1348 916 1412 ἔκτανεν
942 1354 1022 1412 υἱέα
1043 1355 1145 1434 μήτηρ,
1169 1354 1262 1436 μήτηρ
1283 1353 1330 1416 ἔκ-

205 1464 293 1502 τανεν
313 1443 378 1501 οἷα.
408 1446 547 1519 Paraphr.
564 1445 592 1502 Σ
603 1454 639 1504 41
906 1441 923 1479 ⁴
1061 1446 1173 1506 τελέθω

369 1536 518 1603 Γαλιλαῖος
534 1535 658 1615 Ἰησοῦς,
681 1536 792 1615 Ἰησοῦς
813 1538 960 1606 Γαλιλαῖος
980 1537 1040 1615 ἐγὼ
1060 1540 1171 1601 πέλονα.

209 1649 274 1721 Ego
295 1665 358 1733 enm
380 1655 410 1706 et
430 1648 497 1713 νέας
516 1646 553 1712 ἃς
572 1654 603 1707 et
622 1648 691 1712 ναῦς
710 1646 746 1713 ἃς
765 1666 783 1707 a
803 1651 898 1708 Nonni
925 1651 1044 1723 eiusque
1070 1656 1246 1710 sectatorum
1266 1658 1331 1711 arte

205 1759 328 1815 prorsus
349 1741 505 1800 abhorrere
525 1742 734 1814 reputaverim,
761 1742 927 1800 dubitanter
948 1743 1017 1819 νῆας
1036 1739 1067 1799 θ’
1087 1740 1140 1799 οὐκ
1160 1745 1271 1817 scripsi.
1295 1778 1328 1787 -

206 1833 261 1891 οὐκ
282 1834 383 1911 ενόησε
411 1832 458 1891 καλ
478 1832 657 1911 οοκήσκησεν
676 1835 723 1907 M,
749 1835 838 1892 tacite
863 1851 935 1894 corr.
956 1835 1082 1893 Bekker.
1110 1868 1144 1877 -
1171 1833 1238 1895 202
1266 1833 1333 1914 άμτι

210 1944 246 1985 ex
258 1927 291 1985 M
311 1927 429 1986 Bekker
450 1935 560 2001 etpost
580 1945 645 1985 eum
660 1928 734 1998 edd,
756 1926 817 1983 ἀντὶ
836 1929 898 1985 rell.
914 1928 997 1987 codd.
1013 1934 1043 1987 et
1063 1929 1143 2000 edd,
1163 1961 1200 1970 —
1217 1949 1270 2006 μεν
1284 1929 1332 2001 Μ;
1426 1984 1435 1998 ,

203 2021 324 2079 ελδαιων
345 2016 431 2097 ὀμέος
443 2022 490 2092 Μ;
510 2019 652 2097 ηλλάξατο
666 2022 707 2091 Μ,
722 2019 860 2100 ήλλέξατο
873 2022 909 2094 Α,
924 2019 1062 2090 ἐλλέξατο
1078 2024 1116 2095 Q3
1143 2056 1170 2064 -
1196 2021 1261 2082 203
1275 2021 1332 2080 ἐπι-

204 2133 313 2190 κοορον
327 2115 374 2186 Μ;
399 2133 596 2191 εφεσπομενην
609 2115 656 2185 Μ,
682 2111 878 2192 ἐφὲσπομένην
891 2116 931 2186 Α;
962 2115 1117 2193 αφμοδιτην
1130 2116 1177 2186 Μ;
1203 2148 1237 2158 -
1266 2114 1332 2175 204

203 2208 365 2265 -ακταίοισιν
375 2209 422 2279 Μ;
436 2205 624 2282 ἱλασσάμενος
634 2208 675 2279 Μ,
696 2206 883 2282 ἱλασσάμενος
895 2208 917 2267 C
930 2216 998 2266 ante
1012 2225 1095 2280 corr,
1109 2208 1199 2281 LNR,
1221 2207 1333 2264 ἱλασσά-

200 2353 293 2410 μενος
304 2333 326 2393 0
336 2340 402 2407 post
412 2351 496 2406 corr,
512 2298 697 2412 ἶλθθχσάμενος
710 2335 742 2407 Ρ,
764 2334 951 2407 ἱλασκόμενος
965 2333 1042 2406 SW,
1063 2305 1252 2409 λ’λασκάμενος
1264 2335 1332 2406 AQ,

208 2425 399 2503 ἱλασσάμενος
412 2427 515 2499 scripsi
528 2428 704 2486 Schneidero
718 2427 871 2486 obsecutus
894 2443 976 2484 »nam
998 2443 1032 2485 eo
1046 2427 1108 2499 ipso
1129 2431 1260 2499 tempore
1275 2443 1332 2499 quo

207 2536 295 2593 super
314 2525 433 2592 tergora
444 2520 532 2578 maris
546 2520 710 2592 navigabat,
732 2518 898 2584 ἀκταίοις
918 2519 1033 2591 quidem
1053 2518 1200 2578 sacrifieiis
1215 2521 1332 2593 placare

205 2613 293 2671 deam
303 2614 387 2672 Paris
400 2630 456 2672 non
469 2615 591 2686 potuita.
616 2614 673 2672 Sed
687 2613 778 2671 falsus
793 2617 857 2670 erat
868 2612 1026 2671 Schneider
1039 2631 1067 2685 p.
1075 2619 1131 2671 426
1146 2614 1241 2685 ipsum
1256 2612 1332 2670 ἱλασ-

208 2704 335 2781 σάμενος
347 2708 377 2764 in
387 2707 420 2764 M
431 2713 579 2766 exaratum
592 2722 657 2766 esse
668 2706 798 2766 eredens.
812 2738 845 2748 -
859 2704 1030 2776 θοέσσινΒ;
1048 2738 1079 2746 -
1096 2703 1160 2764 205
1175 2700 1272 2763 ἔλλεεν
1285 2706 1332 2777 Μ;

207 2794 394 2877 ἐλλήσποντον
407 2801 449 2873 Μ,
463 2797 627 2858 ἑλίσποντον
642 2802 681 2872 Q3
702 2797 825 2876 ἐπεομέα
838 2800 915 2870 Μο;
935 2796 1086 2872 θαλάσσης
1100 2798 1169 2869 Me,
1191 2805 1221 2856 et
1235 2800 1332 2870 glossa

204 2893 237 2950 in
252 2893 283 2965 0,
303 2891 427 2972 τηθήνης
441 2893 478 2966 O,
499 2892 614 2970 τιθήνης
632 2895 694 2952 rell.
715 2892 799 2952 codd.
820 2897 850 2951 et
863 2892 928 2951 edd.
943 2906 1054 2960 omnes,
1081 2897 1200 2962 praeter
1219 2891 1331 2961 Lehrs.‚

204 2987 259 3058 qni
280 2985 400 3064 γαλήνης
418 2989 531 3060 recepit
550 3003 586 3045 ex
606 2988 783 3059 coniectura,
808 3001 893 3057 quam
918 2983 988 3042 feeit
1013 2983 1133 3056 Lennep
1158 2977 1331 3056 campardtis

207 3082 313 3138 raam
327 3086 358 3139 et
368 3087 433 3153 362,
445 3086 475 3138 et
489 3082 581 3140 Nonn.
592 3089 661 3153 3,60
677 3077 780 3150 (daron
790 3076 924 3155 σιγαλέης
936 3074 1111 3135 ἐτανύσσετο
1125 3078 1217 3144 νῶτα
1230 3075 1333 3156 γαλή·

209 3176 284 3249 νης)
300 3178 330 3232 et
341 3175 475 3247 probavit
488 3174 634 3231 Hermann
644 3191 673 3246 p.
682 3176 727 3233 17.
747 3173 848 3241 Iulian,
864 3178 979 3230 secutus
993 3187 1012 3229 a
1025 3169 1189 3243 Schaeiero,
1210 3171 1241 3229 id
1255 3171 1332 3244 qnod

210 3267 375 3325 coniecerat
385 3268 473 3325 etiam
481 3264 640 3335 Brodaeus‚
651 3263 874 3337 repudiaverunt
887 3267 984 3321 autem
994 3263 1150 3321 Dorvillius
1162 3267 1192 3321 et
1200 3262 1331 3336 Lennep,

204 3356 367 3437 θαλάσσης,
389 3358 488 3417 edidit.
520 3356 624 3417 Gonfer
638 3358 726 3416 etiam
740 3356 883 3417 Graefium
904 3373 932 3429 p.
948 3362 1018 3415 249:
1040 3356 1195 3415 »Fortasse
1216 3352 1331 3433 τιθήνης

204 3453 367 3525 proximum
392 3468 506 3510 versum
530 3450 700 3523 claudebat,
724 3451 762 3508 ad
787 3466 872 3522 quem
897 3449 1009 3508 librarii
1032 3450 1132 3507 oeulus
1159 3465 1223 3506 anm
1250 3447 1331 3507 aber·

207 3549 313 3611 nasset,
332 3543 438 3603 fartum
460 3549 513 3614 est,
538 3548 572 3601 ut
591 3544 680 3602 verba
699 3543 871 3616 interposita
891 3542 1102 3601 omitterentur.
1139 3544 1186 3602 Ita
1205 3542 1329 3613 eogitari

203 3643 288 3697 aerte
307 3643 413 3711 potest,
433 3653 513 3696 mare
534 3633 646 3716 τιθήνην
666 3654 684 3696 a
702 3637 817 3696 Venere
836 3636 948 3695 marina
967 3636 1072 3706 vocari,
1094 3636 1197 3694 veluti:

309 3761 409 3824 ἔπλεεν
423 3762 626 3843 Ἑλλήσποντον
646 3762 696 3823 ἐπ’
716 3759 803 3841 εὐρέα
822 3764 901 3822 νῶτα
920 3761 1119 3840 θαλάσσης·

309 3854 386 3917 οὐδ’
406 3857 492 3925 ἁλὸς
511 3855 588 3916 οἶδε
609 3857 676 3916 θεὰ
703 3855 906 3933 λειαινέμεν
926 3853 1033 3933 οἶδμα
1052 3852 1205 3934 τιθήνης.

205 3987 303 4047 relate
322 3987 360 4046 ad
380 4004 405 4050 v.
420 3995 507 4047 tots.
538 3988 597 4047 Sed
616 3987 635 4045 f.
656 3984 772 4066 τιθήνης
790 3992 884 4046 ortum
904 3991 951 4045 est
970 4001 1005 4045 ex
1030 3986 1105 4043 male
1129 3983 1257 4065 repetita
1276 3983 1331 4056 syl·

203 4114 277 4174 laba
295 4121 442 4189 postrema
454 4131 515 4175 voe.
537 4114 625 4171 νῶτα
644 4120 674 4173 et
687 4114 821 4188 genetivo
835 4110 988 4188 θαλάσσης
1000 4127 1055 4186 per
1068 4109 1217 4185 compend.
1232 4071 1332 4166 θαλαλν
