3210 4836
735 467 926 561 έθ-

269 652 313 718 ad
333 649 602 736 praestantissimi
618 648 736 715 codicis
750 649 939 715 Mutinensis
961 671 982 715 a
1003 671 1037 715 se
1057 651 1162 735 primo
1184 650 1267 715 mira
1288 651 1396 734 negle-

165 787 169 797 ’
269 763 378 846 gentis
390 761 499 827 collati
512 760 610 826 fidem
628 759 730 825 edidit
744 760 905 843 auxitque,
922 761 1002 825 etin
1017 762 1102 826 notis
1116 780 1171 826 eos
1186 758 1292 825 Nonni
1306 761 1396 827 locos

266 872 433 953 indicauit,
457 890 537 955 quos
560 891 580 936 a
602 870 750 936 collutho
771 876 934 953 respectos
950 891 1019 937 esse
1034 870 1114 936 vidit
1128 871 1291 936 indefessa
1306 872 1395 938 Wer-

266 981 547 1064 uikii'diligentia.
600 983 648 1046 lix
676 1002 735 1045 sua
752 981 853 1064 ipsius
876 982 1057 1046 coniectura
1079 979 1209 1046 Bekker
1225 981 1291 1046 fere
1314 981 1395 1045 nihil

267 1090 414 1168 mutavit,
436 1111 540 1174 neque
563 1091 642 1156 locis
671 1091 944 1173 depravatissimis
969 1090 1019 1155 vel
1042 1096 1153 1156 contra
1175 1097 1313 1157 metrum
1336 1112 1393 1173 pu-

267 1202 436 1286 gnantibus
459 1204 597 1267 animum
621 1202 786 1267 advertere
808 1202 916 1267 uoluit.
951 1202 1042 1267 Hanc
1057 1202 1231 1268 editionem
1247 1201 1299 1266 vix
1316 1201 1392 1264 duo·

267 1312 326 1378 bus
352 1312 432 1379 locis
457 1294 616 1377 mutatam
643 1313 746 1395 repeti
766 1314 895 1377 curauit
916 1312 954 1378 G.
971 1311 1012 1376 H.
1036 1312 1189 1377 Schaefer
1211 1312 1338 1395 Lipsiae
1362 1331 1391 1377 a.

270 1425 351 1490 1883
372 1424 457 1508 typis
478 1423 698 1505 Weigelianis,
728 1424 782 1506 qni
804 1425 904 1488 etiam
927 1422 1134 1506 Neapolitani
1156 1422 1274 1488 codicis
1296 1423 1392 1487 colla-

266 1535 383 1599 lionem
404 1535 510 1599 nescio
532 1552 628 1618 aquo
641 1534 914 1618 neglegentissime
929 1534 1106 1599 confectam
1127 1534 1255 1598 adiecit.
1301 1532 1394 1597 Eius·

268 1642 342 1709 dem
367 1643 504 1710 Bella-i
526 1644 664 1726 vestigiis
685 1644 834 1709 insistens
857 1647 893 1708 A.
917 1644 1072 1709 Stanislas
1088 1643 1194 1709 Julien
1209 1642 1392 1708 Golluthum
1490 1725 1492 1727 ι

267 1754 368 1819 edidit
390 1753 521 1818 Parisiis
553 1773 582 1817 a.
607 1755 705 1832 1823,
735 1754 768 1817 in
797 1775 861 1836 qua
891 1755 1029 1819 editione
1059 1755 1197 1819 correxit
1226 1775 1351 1819 errores
1373 1774 1396 1818 a

267 1863 416 1930 Bekkero
442 1863 475 1929 in
503 1863 719 1930 exscribendis
747 1864 899 1946 Lennepii
927 1866 1011 1929 notis
1039 1865 1241 1943 commissos,
1276 1866 1394 1929 iterum

269 1975 404 2040 contulit
433 1974 512 2040 duos
536 1975 660 2040 codices
680 1974 841 2039 Parisinos
865 1974 950 2057 (Pet
967 1977 1006 2057 Q)
1030 1995 1201 2057 eorumque
1222 1974 1394 2056 imaginem

267 2084 345 2150 estis
365 2085 494 2150 fidelem
516 2084 671 2163 adiunxit,
694 2084 824 2149 addidit
845 2105 900 2149 sex
916 2086 1087 2163 versiones,
1110 2085 1271 2162 Latinam,
1295 2083 1393 2147 Frau-

170 2170 175 2189 x
268 2195 468 2279 cogsflicam,
490 2195 646 2275 italicam,
669 2195 885 2278 Hispanicum,
910 2196 1143 2273 Germanicam,
1167 2201 1199 2259 et
1220 2198 1330 2273 notas,
1360 2195 1393 2258 in

268 2304 381 2390 quibus
400 2304 542 2388 priorum
557 2306 770 2388 interpretum
786 2312 819 2370 et
833 2306 1017 2373 criticorum
1032 2305 1206 2370 sententias
1222 2326 1285 2369 non
1301 2304 1394 2368 nimis

268 2415 472 2499 neglegenter
494 2417 690 2482 enumeravit
709 2422 742 2482 et
758 2416 911 2482 nonnulla
926 2421 1032 2484 textus
1047 2418 1124 2482 vitia
1147 2416 1320 2481 emendare
1343 2436 1393 2480 co-

267 2529 362 2590 natus
391 2528 450 2592 est.
494 2527 666 2609 Aliquanto
693 2526 768 2611 plus
798 2528 910 2607 credo,
938 2528 1038 2593 Iulien
1066 2526 1269 2611 profecisset,
1297 2527 1325 2591 si
1353 2526 1394 2590 le

268 2635 365 2718 gisset
386 2656 425 2701 ea
448 2655 531 2719 quae
554 2656 780 2719 nonnunquam
805 2637 987 2703 felicissima
1002 2637 1149 2702 Graefius
1163 2637 1321 2701 Demetrii
1334 2635 1394 2701 Po·

267 2744 359 2829 poffii
383 2745 658 2813 obseruationibus
679 2748 713 2811 in
733 2747 915 2813 Colluthum
937 2747 1126 2829 conscriptis
1149 2745 1206 2811 sed
1228 2764 1393 2827 nunquam

268 2860 305 2921 ut
324 2855 450 2921 ridetur
471 2855 557 2939 typis
579 2856 740 2921 mandatis
765 2858 808 2922 ad
827 2857 911 2922 hunc
923 2855 1068 2921 laborem
1085 2855 1242 2920 excitatus
1266 2856 1309 2919 ad
1325 2845 1396 2920 Col·

267 2965 392 3030 luthum
419 2965 652 3031 emendandum
681 2967 921 3051 excogitaverat
943 2966 993 3031 vel
1014 2965 1102 3031 haud
1123 2966 1170 3030 ita
1191 2985 1268 3031 raro
1291 2964 1397 3029 hario-

268 3072 353 3139 latus
384 3074 491 3157 potins
518 3079 590 3141 erat
610 3075 772 3159 Petropoli
803 3098 832 3141 a.
859 3078 950 3158 1818,
977 3096 1060 3161 quae
1082 3077 1222 3160 repetita
1248 3075 1396 3159 leguntur

268 3183 302 3247 iu
322 3183 410 3249 ealce
431 3184 579 3249 editionis
600 3184 826 3268 Lennepianae
843 3207 863 3250 a
878 3185 1049 3252 Schaefero
1071 3192 1204 3251 curatae
1226 3189 1271 3269 (p.
1285 3188 1396 3249 241-

270 3295 356 3378 260).
399 3293 501 3359 Multo
523 3295 617 3378 plura
634 3315 716 3379 quae
730 3296 862 3378 probari
876 3297 1004 3379 possint
1017 3295 1153 3379 protulit
1169 3294 1300 3361 Godofr.
1316 3293 1397 3358 Her·

269 3423 366 3471 mann
399 3403 433 3471 in
471 3403 774 3471 »Emendationibus
811 3406 961 3473 Ooluthis
998 3406 1139 3490 (Lipsiae
1171 3405 1267 3486 1828)
1306 3402 1396 3468 cuius
1455 3397 1456 3401 ’

268 3514 398 3580 inventa
426 3514 651 3580 audacioribus
678 3515 869 3600 quibusdam
900 3522 1024 3581 tantum
1051 3514 1178 3580 reiectis
1201 3514 1268 3578 fere
1290 3512 1397 3578 omnia

269 3624 458 3689 intextum
490 3625 612 3708 recepit
639 3626 728 3691 1⁴15.
755 3626 856 3692 Lehrs
891 3626 946 3710 qni
982 3627 1016 3690 in
1046 3626 1153 3709 prima
1182 3624 1322 3690 editione
1352 3624 1395 3706 (a.

272 3735 356 3800 1840
375 3734 410 3799 in
424 3733 609 3800 collectione
623 3736 797 3817 Didotiana
811 3757 883 3802 cum
898 3736 1052 3815 Hesiodo,
1076 3734 1193 3812 Quinto
1210 3736 1396 3829 Smyrnaeo,

270 3844 441 3927 Apollonio
455 3844 592 3923 Rhodio,
613 3846 753 3927 Musaeo,
776 3847 1007 3931 Tryphiodnro,
1029 3847 1157 3927 Tuetza)
1180 3844 1221 3911 de
1237 3865 1296 3911 suo
1318 3844 1398 3909 nihil

269 3953 335 4020 fers
350 3954 485 4035 addidit,
507 3956 541 4022 in
556 3958 815 4025 secundaautem
830 3957 1005 4024 eorundem
1028 3956 1222 4040 scriptorum
1247 3956 1397 4034 editione,

271 4083 354 4148 quae
374 4085 459 4133 anno
476 4068 558 4132 1842
579 4066 738 4152 prodiisse
760 4068 886 4143 dicitur,
907 4067 987 4132 duos
1002 4065 1144 4133 Colluthi
1165 4087 1275 4133 versus
1292 4065 1399 4131 elliu·

270 4175 387 4242 tiuensi
414 4174 498 4245 libro
526 4177 595 4244 solo
622 4183 766 4246 servatos
796 4184 829 4243 et
854 4197 875 4242 a
896 4176 1022 4244 Millero
1043 4178 1151 4262 primo
1172 4177 1332 4244 indicatos
1357 4215 1398 4225 -
