3208 4848
636 371 868 435 -121-

185 553 297 615 πόνων
307 551 443 632 ἄμπαυμα
451 554 653 635 παρήχορος
667 552 888 633 ύπνος66611611.
902 558 1034 621 Versus
1044 565 1313 621 autoramentum

186 646 241 728 (ηδ
261 647 436 728 ἀρχομένην)
456 667 521 711 cum
542 651 600 710 lam
621 652 781 725 profundus
802 653 853 712 1116
872 669 997 728 somnus,
1016 670 1073 726 quo
1092 655 1221 714 homines
1234 654 1313 715 vela

183 744 352 805 somniando
364 745 564 818 prohibentur,
582 747 713 819 puellam
729 747 914 819 deseruisset,
935 747 1011 807 dnae
1024 749 1197 809 somniorum
1210 753 1313 822 portae

184 844 305 913 apertae
324 846 393 901 6661
405 845 436 901 61
447 842 617 915 prodierunt
630 843 741 902 somnia
752 842 829 903 hona
849 849 879 902 et
898 842 980 905 falsa.
1010 845 1066 902 Illa
1086 848 1182 903 autem
1203 841 1312 903 falsis
1338 915 1340 918 χ

183 935 300 995 somniis
311 934 436 1009 decepta
445 939 566 994 matrem
577 936 668 996 oculis
681 952 800 996 cernere
813 937 870 997 sihi
883 937 945 997 6166
959 941 1087 998 estete«
1103 971 1137 981 -
1150 938 1312 998 Praeterea

184 1032 251 1101 post
263 1024 479 1106 δολοφροσύνης
499 1028 556 1089 duo
576 1028 760 1088 hemistichia
774 1031 896 1103 periisse
910 1029 1045 1102 indicavi,
1066 1030 1169 1102 quibus
1189 1031 1312 1091 alteram

183 1123 358 1183 somniorum
367 1128 480 1197 portam
491 1140 527 1183 ex
538 1125 694 1197 elephanto
704 1122 810 1184 factam
821 1141 886 1184 esse
898 1126 1064 1184 necessario
1075 1124 1226 1184 dicendum
1238 1128 1311 1184 erat

185 1249 219 1259 -
238 1214 302 1276 363
318 1214 510 1297 άκηχεμενησι
526 1217 560 1276 M
566 1236 573 1289 3
588 1215 776 1295 βλεφάροισιν
786 1218 832 1290 Μ;
849 1253 882 1263 -
902 1217 965 1278 370
979 1218 1117 1283 πολλακις
1129 1217 1172 1292 Μ,
1191 1215 1312 1275 πολλάκι

184 1310 222 1381 Ρ;
241 1307 390 1369 δπνιυοισιν
409 1311 451 1385 Μ,
471 1309 617 1370 ὑπνώουσι
638 1312 704 1383 GP,
725 1309 858 1369 ύπνύουσι
878 1313 917 1385 Q3
946 1311 1015 1391 δφαὶ
1036 1311 1185 1370 κλαίουσαι
1204 1312 1251 1383 Μ;
1277 1345 1307 1355 -

182 1402 239 1462 371
259 1401 276 1481 ἡ
296 1405 380 1465 codd.
400 1411 431 1466 et
444 1406 519 1479 edd,
540 1402 558 1484 ἦ
578 1423 648 1479 ego;
665 1426 719 1483 ρεν
734 1407 768 1466 M
774 1427 782 1479 ;
802 1404 973 1467 άλιτεύουσα
986 1409 1060 1480 MQ,
1080 1403 1260 1484 ἀλητεύουσα
1273 1407 1309 1474 A,

183 1495 361 1574 άνητεύουσα
381 1499 422 1572 G3
454 1497 675 1579 δαὶφροσύνησιν
699 1505 775 1571 (cum
796 1502 893 1574 glossa
917 1500 1081 1577 διαβουλαῖς
1106 1502 1135 1558 16
1162 1499 1197 1572 0)
1224 1499 1308 1559 cedd.

183 1590 255 1651 dett
276 1596 308 1651 et
329 1592 395 1652 edd.
415 1599 483 1654 ante
497 1594 634 1666 Bekker,
655 1597 703 1668 qui
724 1596 877 1669 quodiam
891 1596 1010 1669 Lennep
1031 1595 1203 1667 coniecerat,
1224 1592 1307 1651 δολο-

183 1681 357 1764 φροσύνησιν
379 1703 415 1745 ex
426 1687 460 1746 M
479 1689 598 1761 recepit.
616 1722 648 1730 —
671 1687 711 1747 37
714 1687 733 1748 2
751 1707 863 1766 μητερα
876 1689 918 1762 Μ,
936 1687 1062 1766 μητέραν
1083 1687 1218 1760 eLNR3
1239 1694 1306 1746 ωἵσ-

183 1796 256 1835 σατυ
270 1778 311 1851 M,
327 1775 435 1838 ὠΐσατο
449 1781 505 1853 GQ
519 1781 645 1855 Bekker,
660 1782 838 1851 66166616
852 1799 951 1856 marg,
966 1778 1093 1839 ὠΐσσατο
1107 1782 1185 1853 rell,
1207 1779 1308 1841 ταιαδὲ

181 1870 223 1942 Μ,
236 1870 336 1929 τοιάδε
351 1874 391 1946 Q3
408 1906 439 1916 ·-
456 1872 516 1932 373
531 1881 601 1954 ἴαχε
612 1873 750 1953 θαρβήσα
761 1876 808 1947 Μ;
823 1874 965 1955 ἀχνυρενη
979 1877 1026 1948 Μ;
1046 1873 1136 1933 εοῦσα
1148 1875 1189 1934 Μ.
1215 1877 1306 1937 Tom-

183 1966 247 2025 nier
265 1974 356 2040 646.
377 1970 413 2029 4⁷
436 1988 490 2044 περ
509 1975 576 2042 6661
596 1967 644 2026 καὶ
663 1970 789 2043 positum
808 1970 940 2030 6666161
968 1986 1177 2043 quamquam
1198 1969 1308 2043 signifi·

180 2075 248 2119 care
269 2076 355 2134 posse
378 2067 408 2121 61
421 2069 576 2135 praeterea
589 2058 681 2120 ἐοῦσα
694 2064 817 2123 otiosum
832 2080 896 2123 esse
910 2063 1095 2134 contendens,
1116 2059 1183 2141 ἴαχε
1196 2060 1307 2141 θαμβή-

179 2172 271 2224 σασα,
297 2153 541 2234 συναχνυριένη
566 2154 746 2236 παρεούση
771 2158 857 2217 scribi
878 2159 970 2217 iussit.
994 2191 1026 2199 -
1056 2155 1118 2215 374
1136 2151 1240 2234 χδίζον
1259 2155 1306 2228 Μ;

179 2246 336 2327 ὀδυρομένη
357 2250 396 2322 Q3
422 2248 470 2306 καλ
489 2268 542 2324 666
565 2269 603 2325 με
622 2250 694 2324 AQ3
719 2249 807 2328 δόμον
826 2251 873 2322 Μ;
898 2249 1073 2326 ὀδυρομένην
1097 2249 1136 2305 τί
1155 2247 1251 2324 δόμων
1268 2251 1305 2325 ρ’

179 2337 308 2401 ἔκτοσθε
327 2344 459 2422 φυχοῦσα
479 2344 667 2403 desiderabat
687 2342 818 2404 Graefius
837 2361 866 2417 p.
887 2351 951 2405 258.
976 2339 1105 2401 ἐκτόσθε
1124 2341 1171 2415 M,
1197 2337 1305 2405 ἔκευθε

178 2470 317 2545 NPsw3
343 2470 489 2548 φυχοῦσαν
508 2472 549 2545 V,
575 2435 723 2548 φυχοῦσάν
744 2472 777 2543 S,
797 2434 945 2550 ςσυχοῦσάιν
948 2470 995 2544 W,
1016 2433 1153 2588 φιρχοῦσύν
1173 2471 1197 2529 Ρ
1217 2474 1303 2541 (corr.

177 2614 214 2656 m.
235 2603 314 2671 666).
346 2632 377 2641 -
404 2598 463 2659 ato
484 2597 608 2665 κάλλιπες
627 2600 673 2673 Μ;
700 2597 867 2658 ύπνωουσαν
887 2599 935 2672 M,
961 2595 1092 2656 ὑπνώσαν
1114 2599 1138 2671 Q
1159 2602 1244 2670 (corr.
1265 2615 1303 2657 m.

176 2709 220 2765 pr.
234 2698 268 2751 ut
280 2691 365 2764 vid.);
386 2689 456 2769 ύπερ
469 2692 516 2763 Μ;
532 2690 639 2770 λαχίων
653 2694 688 2767 h,
703 2690 807 2771 λεχίων
822 2709 858 2752 ex
873 2691 980 2770 λαχίων
995 2692 1033 2764 Q3
1054 2692 1211 2768 χενητῆρος
1226 2692 1255 2753 S.
1274 2725 1303 2734 -
1373 2684 1380 2697 ’

176 2784 222 2843 De
241 2786 296 2846 hoc
315 2802 402 2845 versu
422 2787 464 2844 sic
484 2786 644 2846 Schneider
664 2804 692 2860 p.
707 2793 779 2847 416:
808 2786 926 2846 »Potuit
939 2800 1009 2843 6666
1022 2785 1052 2841 16
1067 2784 1196 2842 absentis
1209 2786 1303 2858 patris

177 2879 252 2939 lecto
278 2879 384 2938 cubare
405 2879 575 2952 Hermione,
603 2879 655 2938 sed
680 2880 741 2938 veri
769 2885 869 2938 tamen
895 2884 940 2936 est
967 2877 1089 2935 similius
1115 2877 1248 2936 cubuisse
1273 2879 1303 2937 in

175 2973 277 3032 matris
296 2974 402 3032 lectulo
423 2990 480 3033 una
500 2990 564 3033 curn
584 2975 648 3047 1666
667 2978 760 3031 matre
774 2969 822 3047 (cf.
838 2988 863 3030 v.
880 2976 949 3042 332)
970 2976 1002 3028 ut
1016 2968 1127 3048 λεχέων
1142 2969 1304 3049 χενετείρης

176 3066 357 3126 scribendum
377 3066 469 3126 videri
489 3068 588 3140 possit.
621 3070 769 3140 61661661
789 3066 886 3138 etiam,
907 3064 937 3123 id
958 3064 1035 3138 quod
1054 3065 1150 3138 magis
1164 3065 1252 3126 credo
1266 3065 1303 3126 de

175 3161 316 3219 communi
335 3160 427 3234 patris
448 3162 606 3233 matrIsque
625 3163 703 3221 lecto
724 3161 830 3234 geniali
850 3160 990 3233 cogitem,
1019 3159 1050 3217 in
1076 3174 1162 3231 quem
1183 3161 1303 3220 absente

174 3252 309 3315 Menelao
335 3253 423 3314 filiam
448 3256 593 3329 receperit
620 3255 740 3314 Helena.
771 3255 847 3327 qnod
875 3256 900 3314 61
926 3259 986 3324 661,
1016 3254 1219 3327 corrigendum
1246 3255 1303 3313 erit

175 3343 246 3425 ὑπὲρ
276 3348 381 3427 λέχεος
410 3346 577 3426 χενετὴρων.
612 3365 678 3407 nam
704 3348 856 3425 χενετῆρες
885 3354 1022 3422 parentes
1052 3353 1128 3406 sunt.
1176 3346 1212 3406 cf.
1237 3347 1303 3405 Mu·

174 3447 333 3500 eae.125‹.
373 3442 504 3501 Alteram
526 3442 694 3501 Schneideri
715 3443 910 3501 coniecturam
929 3440 1105 3514 improbavit
1127 3439 1240 3499 Tiedke
1260 3441 1302 3512 (in

95 3533 100 3542 '
155 3572 158 3576 ι
176 3532 286 3594 Herma
298 3535 369 3595 XIII
389 3554 418 3609 6.
433 3539 501 3608 274)
516 3538 584 3608 quia
599 3544 792 3610 »anapaestus
806 3535 907 3606 λέχεος
925 3536 1026 3595 611166
1040 3535 1153 3609 syllaba
1167 3541 1303 3608 correpta

175 3643 210 3686 66
235 3629 285 3700 qui
309 3629 435 3689 16661166
461 3626 567 3700 λεχέων
595 3629 724 3690 deterior
747 3630 898 3690 habendus
924 3636 971 3689 est
996 3635 1034 3702 (v.
1063 3631 1182 3702 (incest.
1207 3629 1301 3687 Nonu.

174 3738 204 3794 6.
223 3727 354 3795 266616.
393 3724 497 3797 Neque
523 3723 708 3783 sollicitanda
731 3724 801 3782 mihi
826 3723 941 3782 videtur
965 3724 1098 3796 vulgata,
1125 3738 1188 3780 cum
1214 3717 1301 3797 λέχεα

175 3815 328 3894 χενετῆρος
352 3817 421 3875 16611
446 3817 568 3890 pesinis
594 3822 707 3891 partem
732 3833 817 3889 quam
844 3817 994 3876 Menelaus
1015 3831 1157 3889 occupare
1178 3814 1301 3889 solebat,

178 3907 340 3982 significare
354 3910 474 3983 possint.
504 3910 647 3970 Toumier
660 3916 757 3970 tamen
776 3928 805 3987 p.
819 3911 856 3970 47
878 3910 1040 3971 vocativum
1054 3909 1236 3981 desiderans,
1256 3929 1302 3987 χε-

174 3999 288 4079 νέττιρα
301 4020 357 4077 pro
369 4003 522 4081 γενετῆρος
541 4006 667 4080 scripsit,
688 4011 719 4065 et
738 4021 803 4065 cum
822 4005 864 4063 sic
884 4008 996 4063 6161616
1009 4004 1128 4077 vulgata
1141 4004 1227 4063 nimis
1239 4000 1301 4062 len·

172 4096 293 4168 gnidum
316 4094 392 4157 foret
411 4092 578 4155 ὑπνώουσαν
597 4096 668 4175 ὑπὲρ
694 4096 819 4179 λεχέων,
844 4098 968 4172 primum
992 4095 1171 4176 ἀπηλεγέως,
1196 4102 1301 4171 postes
