3208 4848
612 323 887 437 4119-

212 558 326 637 κεράων
345 565 427 620 recte
447 557 476 616 δ’
495 559 627 628 inseruit,
648 564 678 617 et
698 557 810 637 κόσμος
829 577 882 633 pro
897 558 1000 637 κόσμῳ
1014 560 1089 632 er
1109 561 1229 635 recepit,
1249 577 1335 635 prae-

212 660 293 714 terea
314 652 361 713 νῦν
380 671 434 728 pro
454 651 511 724 νύξ,
533 654 717 713 anacoluthia
737 653 927 727 intolerabili,
952 661 986 714 ut
1004 663 1085 715 recte
1105 656 1215 714 monuit
1234 670 1337 723 censor

213 748 422 821 Gottingensis,
444 753 473 807 et
492 744 553 825 ηὼς
573 744 715 825 ἐρχομένη
736 748 760 820 Q
781 747 885 822 librum
910 753 1027 807 secutus
1049 749 1156 822 edidit;
1182 755 1337 823 praeterea

214 843 258 901 vel
281 839 425 919 μετηαρον
451 839 657 900 adverbialiter
680 841 806 914 positum
833 841 874 914 (in
899 840 1033 913 sublime)
1061 842 1105 900 rel
1128 841 1275 922 μετήορος
1298 841 1336 902 ad

213 933 275 1013 ἠὼς
294 934 494 1012 referendum,
522 940 552 993 et
571 952 624 1008 pro
645 928 759 991 ὤπασεν
779 933 896 991 ἵππασεν
917 934 1098 993 scribendum
1120 952 1185 995 esse
1205 937 1336 996 coniecit.

214 1029 331 1088 Bekher
345 1031 493 1103 avulgata
507 1031 650 1102 scriptura
663 1045 720 1087 non
733 1028 863 1100 recessit,
881 1029 937 1086 nisi
951 1028 1028 1100 quod
1042 1026 1086 1106 ἠῶ
1100 1024 1262 1107 ἀρχομένην
1277 1030 1337 1089 edi-

214 1122 265 1180 dit.
297 1122 406 1182 Censor
422 1123 619 1195 Gottingensis
640 1116 731 1179 ὤπασ’
752 1117 786 1186 ἐς
805 1118 848 1199 ἠῶ
868 1117 1028 1201 ἐρχομένην
1049 1123 1094 1181 vel
1113 1130 1234 1197 propter
1253 1125 1336 1184 vitio·

215 1233 275 1275 sam
297 1217 444 1275 elisionem
464 1219 588 1289 pessime
608 1217 744 1288 coniecit,
766 1216 905 1274 Helenam
932 1216 968 1275 ad
990 1234 1112 1289 sequens
1139 1234 1224 1277 mane
1244 1218 1334 1277 anda-

212 1311 320 1371 ciorem
332 1308 504 1387 ’(μετὴορον)
522 1308 627 1369 factam
649 1326 712 1368 esse
733 1310 839 1369 volens.
869 1311 943 1368 Tum
963 1310 1093 1370 Graefius
1113 1330 1141 1385 p.
1163 1306 1234 1371 255:
1257 1312 1334 1370 »hd-

213 1407 329 1468 modum
349 1408 475 1465 ieiunum
502 1411 546 1465 est
571 1402 621 1474 νὺξ
640 1401 754 1463 ὤπασεν
779 1403 823 1483 ἠῶ
847 1407 893 1464 vel
915 1405 1047 1465 Gollutho
1071 1405 1221 1478 indignum
1246 1405 1336 1476 [quod

212 1507 344 1560 senserat
364 1502 452 1559 etiam
467 1498 611 1573 Lennep],
631 1500 717 1572 paulo
737 1500 839 1556 melius
861 1504 939 1556 esset
959 1493 1089 1556 ὥπλισεν.
1120 1500 1227 1557 Verum
1247 1498 1335 1558 lectio

212 1593 281 1654 (led.
303 1595 345 1651 M.
370 1610 434 1652 cum
455 1594 582 1664 antiquis
603 1591 667 1650 edd.
693 1597 874 1665 comparata,
900 1590 985 1661 lecit,
1010 1598 1042 1649 nt
1067 1591 1220 1664 legendum
1241 1592 1334 1665 suspi-

211 1706 294 1748 carer
302 1709 309 1747 2

304 1850 307 1853 ’
364 1824 416 1895 νὺξ
432 1825 475 1901 δέ,
495 1825 588 1885 πόνων
608 1825 744 1903 ἄμπαυμα
761 1825 824 1901 μετ’
844 1823 949 1903 ἠελίοιο
970 1823 1138 1897 κελεύθους,

366 1918 450 2011 ὕπνον
470 1920 682 2000 ἐλαφριζεσκε
702 1942 768 1998 παρ
774 1919 878 1999 ,η’σρον·
899 1915 1017 1997 αὕηασε
1037 1919 1068 1976 δ’
1090 1916 1150 1998 ἠῶς

364 2014 518 2094 ὤοχομένη.
616 2073 617 2077 ,

210 2162 392 2234 Exquisitam
412 2162 478 2220 lect.
496 2161 565 2221 God.
579 2162 612 2219 M
625 2157 708 2220 ὕπνον
726 2160 881 2240 παρῄορον,
903 2178 1039 2229 somnum,
1060 2161 1153 2219 noctis
1173 2161 1287 2219 levem
1306 2165 1337 2219 et
1359 2186 1363 2193 ·

211 2256 327 2314 veluti
342 2255 594 2314 lascivientem
616 2258 789 2326 comitem,
811 2257 924 2315 omnino
938 2253 1159 2329 praeferendum
1175 2254 1334 2312 existimo«

195 2348 360 2419 ,Hermann
379 2367 407 2422 p.
429 2356 474 2420 21,
495 2365 578 2421 quem
600 2358 716 2408 secutus
738 2355 783 2407 est
802 2349 904 2429 Lehrs,
925 2346 977 2416 νύξ
993 2349 1120 2416 retinuit,
1142 2354 1173 2406 et
1191 2346 1336 2427 παρῄορον

213 2437 329 2498 ὤπασεν
351 2439 402 2519 do?
417 2440 562 2521 ἀρχομένη
587 2442 674 2500 scribi
694 2444 791 2511 iussit,
818 2445 886 2514 quia
907 2443 1054 2501 »Helenae
1074 2443 1184 2501 scilicet
1206 2459 1262 2501 nox
1282 2441 1335 2500 snb

212 2552 346 2596 auroram
366 2535 448 2592 dedit
461 2552 589 2594 somnum
603 2537 788 2607 inquietum«
815 2537 973 2595 Praeterea
991 2538 1096 2598 collato
1110 2537 1265 2597 Homerico
1285 2536 1335 2595 illo

210 2629 298 2708 χάρις
323 2627 363 2707 d'⁴
377 2626 556 2702 ἀπελάμπετο
585 2627 672 2706 πολλή
700 2631 787 2688 etiam
813 2629 929 2707 κεράων
959 2630 987 2688 δ’
1016 2630 1197 2708 ἀπελάμπετο
1224 2629 1335 2706 κόσμος

213 2722 436 2794 commendavit,
461 2722 599 2795 probatus
620 2723 795 2785 Schneidero
821 2744 849 2799 p.
870 2734 941 2799 430,
966 2732 1082 2785 secutus
1102 2743 1121 2784 a
1142 2726 1277 2797 Lehrsio,
1306 2732 1336 2782 et

211 2806 370 2891 praeeunte
397 2824 514 2889 praeter
538 2817 679 2875 Iulianum
705 2819 792 2876 etiam
819 2818 932 2878 Graefio
959 2838 986 2893 p.
1014 2827 1079 2878 255.
1111 2852 1146 2862 -
1177 2817 1336 2879 Schneider

210 2929 239 2985 p.
255 2918 311 2970 429
326 2912 355 2967 in
370 2911 544 2969 Mutinensis
564 2912 632 2970 libri
651 2912 801 2985 scripturis
822 2910 1055 2988 ὑποτραφιῗουσα
1075 2920 1105 2971 et
1125 2907 1228 2969 ὤπασα
1248 2905 1279 2967 δ’
1292 2908 1335 2988 poi

212 3007 285 3064 nihil
304 3008 396 3065 latere
415 3013 496 3064 recte
516 3006 656 3073 iudicans,
676 3007 797 3064 alteram
818 3023 931 3079 qnoque
950 3008 1035 3066 huius
1055 3008 1163 3067 codicis
1183 3007 1336 3065 lectionem

211 3096 364 3177 παρήορον,
390 3117 475 3172 quam
493 3101 649 3174 Hermann,
669 3101 800 3161 Helenae
820 3101 919 3160 dicens
939 3108 1052 3161 noctem
1073 3102 1189 3160 dedisse
1207 3116 1337 3159 somnum

211 3194 424 3266 inquietum,
444 3193 586 3266 probavit,
606 3201 685 3253 recte
705 3197 816 3267 reiecit,
836 3212 903 3253 nam
925 3196 979 3253 nde
992 3195 1105 3253 Helena
1121 3197 1194 3253 haec
1212 3194 1337 3267 intelligi

214 3288 340 3346 voluisse
360 3294 477 3360 poetam
495 3304 532 3345 ne
552 3303 608 3344 uno
630 3288 745 3359 quidem
765 3289 853 3348 verbo
873 3289 1030 3347 indicatum
1051 3294 1103 3360 est,
1127 3289 1183 3346 imo
1205 3302 1279 3358 qnae
1299 3286 1336 3346 de

212 3380 324 3439 duabus
345 3382 518 3440 somniorum
538 3382 631 3454 portis
651 3397 718 3439 mox
741 3381 876 3440 dicuntur
901 3384 978 3439 clare
1004 3381 1108 3439 docent
1129 3381 1186 3453 [il]
1216 3397 1336 3453 genera-

211 3474 281 3532 liter
301 3475 373 3533 haec
393 3475 489 3535 omnia
510 3491 574 3532 esse
594 3475 673 3532 dicta
693 3474 730 3532 ad
751 3475 934 3533 indicandum
948 3481 1060 3548 tempus
1075 3490 1131 3546 quo
1146 3491 1209 3533 oum
1223 3474 1337 3534 Helena
1430 3498 1434 3506 ¹

210 3566 295 3641 Paris
312 3569 392 3627 abiit.
413 3569 573 3627 arctissime
589 3570 663 3626 enim
681 3570 754 3628 haec
768 3586 831 3628 cum
846 3586 871 3624 v.
886 3576 942 3627 322
958 3568 1104 3640 [editionis
1118 3567 1334 3642 Behkerianae]

213 3660 378 3734 cohaerent,
403 3668 435 3720 ut
454 3667 523 3719 ante
542 3661 617 3718 hunc
636 3676 750 3719 versum
770 3659 953 3718 incidendum
974 3662 1012 3718 sit
1031 3677 1087 3720 non
1107 3661 1231 3719 maxima
1250 3661 1337 3720 inter-

210 3755 379 3827 punctione,
405 3755 457 3813 sed
482 3754 593 3827 media,
619 3754 696 3826 quod
720 3756 745 3812 si
765 3755 803 3813 ad
824 3770 922 3812 omnes
947 3755 1076 3813 homines
1099 3753 1269 3814 referendus
1290 3763 1337 3816 est

213 3840 302 3911 ὕπνος
322 3849 370 3905 ille
390 3845 549 3924 παρήορος,
573 3855 657 3922 patet
680 3865 737 3907 non
761 3854 860 3920 aptum
882 3864 946 3905 esse
966 3847 1044 3904 istud
1065 3848 1156 3907 somni
1176 3850 1335 3922 epitheton.

209 3955 263 3999 nec
283 3942 375 4013 magis
396 3948 494 4014 aptum
515 3942 574 4001 dici
586 3948 684 4016 potest
694 3939 836 4019 μετηορσν
849 3940 901 3999 sed
914 3942 1093 4014 aptissimam
1108 3948 1153 4001 est
1165 3941 1336 4021 aqov'yopov,

210 4034 286 4108 quod
308 4036 496 4094 eMutinensi
516 4038 639 4097 lectione
660 4036 831 4096 eliciendum
850 4041 1012 4109 putamus«
1044 4037 1155 4112 Recepi
1174 4038 1249 4098 hanc
1268 4056 1334 4103 con·

209 4130 360 4203 iacturam,
380 4129 433 4188 sed
454 4145 528 4202 quae
546 4139 701 4204 praeterea
713 4132 835 4205 protulit
849 4130 1015 4205 Schneider,
1035 4133 1160 4206 probare
1174 4148 1230 4190 non
1243 4133 1335 4205 potui.
