3210 4836
619 416 828 477 ..45-

164 604 300 676 scriptum
314 607 402 662 extat.
435 601 588 661 Caeterum
608 618 633 659 v.
650 607 685 659 66
707 616 761 672 ego
774 600 831 659 huo
845 601 1009 673 transposui
1024 617 1087 660 cum
1107 601 1141 659 in'
1159 600 1288 661 secunda

163 695 277 755 Lehrsii
288 697 415 756 editione
426 700 493 768 post
502 693 619 753 Iunonis
633 698 663 751 et
674 694 794 751 Veneris
808 695 982 752 mentionem
992 694 1090 766 inepte
1101 694 1216 753 dicatur
1229 693 1285 752 Iu·

162 791 243 850 noni
257 791 311 849 soli
324 808 381 849 non
394 790 516 849 cessisse
530 788 671 845 Minerva.
703 787 814 845 Eadem
828 794 898 859 puto
920 803 1008 845 causa
1022 794 1116 847 motus
1130 787 1289 847 Schneider

162 885 191 941 in
204 901 261 943 rec.
276 903 305 958 p.
322 891 375 943 195
390 881 443 962 ἤδη
463 885 504 953 (ll
525 877 552 937 δ’
570 877 604 937 οὐ
618 881 663 938 vel
679 884 758 957 τῇσιν
773 877 805 937 δ’
820 878 853 936 οὐ
874 897 927 953 pro
947 900 1000 957 ηρη
1021 879 1048 937 δ’
1074 878 1107 938 οὐ
1122 882 1289 940 dubitanter

163 978 293 1037 coniecit.
313 974 891 1046 MaioramolitusestTournierp.15.16
906 990 994 1047 aegre
1004 972 1100 1033 ferens
1112 993 1167 1034 uno
1178 981 1288 1034 tantum

162 1071 303 1130 versiculo
323 1069 360 1129 dc
373 1071 507 1128 Minerva
520 1069 577 1140 agi,
598 1067 710 1126 duobus
731 1072 829 1125 autem
853 1067 889 1125 de
902 1067 1011 1128 Iunone
1026 1075 1056 1127 et
1069 1070 1191 1140 Venere,
1205 1069 1289 1127 simul

163 1181 187 1224 v.
199 1170 235 1224 66
250 1162 299 1220 καὶ
312 1158 400 1239 ἤθελε
414 1159 559 1237 ληΐζεσθαι
581 1161 618 1219 ad
632 1162 794 1219 Minervam
804 1156 940 1238 Ἀγελείην
960 1162 1005 1220 vel
1018 1156 1132 1239 Ἀγεληίν
1154 1166 1198 1231 (ut
1211 1163 1288 1236 apud

164 1258 319 1317 (tornatum
339 1264 459 1315 vocatur
478 1275 507 1330 p.
524 1259 577 1315 187
599 1256 647 1314 ed.
672 1256 756 1328 Gale)
783 1255 912 1315 alludere
932 1262 1046 1329 putans.
1087 1257 1177 1315 Simul
1197 1257 1289 1314 minus

163 1359 231 1426 apte
244 1351 455 1411 bellicosiorem
476 1350 571 1426 [quasi
593 1348 744 1426 ἀρειοτέρη
764 1367 821 1409 non
842 1350 919 1407 idem
936 1355 1014 1408 esset
1033 1355 1120 1421 atque
1141 1347 1288 1422 dpec'awvl]

163 1448 287 1506 caeteris
308 1445 417 1503 deabus
430 1445 573 1503 Venerem
594 1446 623 1502 in
644 1445 761 1516 vulgata
782 1445 927 1517 scriptura
944 1444 1000 1502 dici
1015 1449 1103 1515 atque
1121 1439 1289 1518 ἀρειοτέρης

162 1540 310 1613 epitheton
330 1540 479 1598 Minervae
499 1539 596 1611 potius
617 1538 769 1597 convenire
792 1554 827 1596 ex
857 1540 958 1599 Nonno
972 1538 1057 1597 Dion.
1071 1537 1128 1594 XX
1148 1543 1202 1595 215
1224 1552 1289 1609 pro·

163 1633 255 1691 havit:
456 1636 458 1639 ’

574 1729 660 1797 Εἶδες
676 1729 791 1811 Ἀθήνην

200 1827 288 1884 παῖδα
307 1824 374 1893 Διὸς
394 1825 510 1906 θήλειαν
530 1825 697 1904 ἀρειοτέρην
719 1825 863 1884 Διονύσου.
904 1826 1030 1899 Scripsit
1050 1825 1152 1897 igitur:

195 1916 263 1998 Ἥρη
281 1919 334 1997 μὲν
354 1920 523 1998 παράκοιτις
542 1919 719 1998 ἀγαλλομένη
742 1920 808 1986 Διὸς
828 1919 894 2001 εὐνῇ

201 2011 301 2069 ἵστατο
323 2010 510 2092 θαμβήσασα
532 2012 580 2069 καλ
600 2008 688 2091 ἤθελε
709 2011 856 2089 ληίζεσθαι

201 2104 322 2163 πασάων
337 2101 459 2183 Ἀγεληῒς
478 2104 630 2183 ἀρειοτέρη
650 2109 780 2182 γεγαυῖα·

200 2291 290 2369 μῆλον
310 2287 388 2370 ἔχειν
408 2289 551 2369 ἐπόθησεν
574 2295 647 2363 (scil.
669 2295 778 2365 Venus)
801 2293 845 2351 ὅτι
866 2292 975 2370 κτέρας
994 2293 1071 2351 ἐστὶν
1088 2291 1230 2371 Ἐρώτων.

197 2378 264 2463 Ἥρη
285 2381 312 2442 δ’
337 2382 371 2441 οὐ
388 2384 518 2463 μεθέηκε
538 2389 611 2458 (scil.
633 2387 752 2458 Veneri)
775 2387 822 2444 καλ
845 2385 899 2465 οὐχ
920 2385 1049 2445 ὑπόεικεν
1066 2383 1173 2464 Ἀθήνη.

166 2506 223 2572 Sed
253 2517 295 2572 ita
325 2530 437 2586 quoque
463 2521 564 2574 contra
586 2517 784 2589 symmetriam
815 2522 967 2590 peccatum
993 2532 1058 2574 nam
1081 2515 1152 2573 Iuno
1176 2531 1289 2587 quoquo

165 2607 271 2665 malurn
296 2607 463 2666 desiderare
489 2609 603 2682 debuit,
633 2612 708 2668 sicut
732 2609 863 2669 iecerunt
893 2611 922 2667 in
948 2608 1133 2680 sequentibus
1156 2608 1290 2667 Minerva

166 2705 196 2758 et
209 2701 312 2759 Venus
346 2701 444 2759 Etiam
464 2702 622 2761 Schneider
642 2705 671 2760 iu
691 2720 749 2762 rac
771 2723 799 2776 p.
824 2711 877 2763 196
899 2703 1051 2762 Tournerii
1071 2703 1218 2760 inventum
1238 2703 1289 2759 im-

165 2843 306 2917 probavit.
330 2879 359 2887 -
386 2844 426 2905 67
441 2843 468 2903 δ’
487 2864 542 2906 om.
556 2849 604 2921 M3
624 2868 677 2905 ατε
690 2849 731 2921 Μ,
752 2844 804 2905 ἅτε
818 2849 851 2920 Ρ,
872 2811 943 2925 ἄτεερ
959 2849 1008 2919 W,
1029 2845 1179 2923 ἀρειστερη
1192 2844 1238 2915 Μ;
1252 2875 1289 2890 -ε

166 2986 207 3046 68
219 3007 290 3064 κτερ
308 2985 384 3046 ἐστὶν
398 2986 517 3066 ἐρωτων
528 2993 573 3063 Μ;
587 3026 618 3034 ——
634 2990 676 3052 69
689 2992 755 3049 ι’ὃῶν
771 2993 876 3063 καιΜ;
896 2991 1000 3056 παῖδας
1015 2992 1052 3063 Q3
1074 2952 1202 3053 καλέέας
1214 2987 1290 3058 ΜΡ;

166 3078 294 3146 καλέσας
308 3081 371 3154 OQ.
404 3083 449 3141 De
469 3101 512 3142 vv.
528 3092 573 3144 69.
590 3088 625 3144 'tu
645 3087 718 3144 haec
740 3086 887 3143 Hermann
907 3104 934 3158 p.
952 3093 987 3144 12
1014 3084 1113 3142 »Haec
1136 3088 1166 3141 et
1189 3081 1291 3139 scabra
1384 3109 1386 3114 ·

166 3179 211 3233 est
231 3181 261 3232 et
280 3175 385 3235 vitiosa
403 3177 505 3236 oratio.
538 3179 639 3252 Quam,
663 3180 717 3237 nisi
731 3179 889 3238 omittendo
904 3185 1054 3253 peccatum
1069 3183 1123 3249 est,
1144 3176 1221 3248 quod
1235 3191 1289 3235 non

166 3272 212 3326 est
231 3269 395 3342 verisimile,
416 3271 459 3329 sic
479 3272 605 3343 corrige:

319 3377 393 3445 Ζεὺς
412 3379 446 3437 δὲ
466 3380 563 3439 θεάων
585 3386 679 3448 νεῖκος
699 3382 775 3451 ἰδών,
796 3379 828 3440 tv
848 3381 935 3439 παῖδα
954 3378 1104 3458 καλέσσας

320 3475 396 3531 τοῖον
415 3471 633 3554 ὑποδρήσσσντα
652 3474 841 3548 προσέννεπεν
857 3472 1037 3552 Ἓργιάωνατ.

168 3582 260 3652 Quam
285 3584 479 3643 coniecturam
500 3601 518 3643 a
538 3586 660 3644 Lehrsio
687 3593 836 3660 receptam
858 3592 888 3644 et
908 3603 926 3643 a
946 3586 1104 3645 Toumerio
1125 3603 1152 3657 p.
1171 3593 1204 3645 16
1225 3602 1291 3659 pro-

166 3674 264 3734 batam
284 3675 387 3736 falsam
408 3693 472 3736 esse
492 3679 559 3737 inde
581 3685 720 3752 apparet,
750 3680 828 3752 quod
848 3681 967 3738 Nonnus
994 3680 1112 3751 eiusque
1132 3666 1300 3739 sectatores

167 3771 364 3842 monosyllaba
383 3772 413 3828 in
434 3771 550 3832 brevem
571 3774 698 3833 vocalem
718 3778 748 3832 et
764 3778 968 3833 consonantem
984 3775 1139 3832 terminata
1152 3790 1291 3846 nusquam

166 3863 197 3920 in
215 3864 306 3937 tertii,
327 3865 422 3936 quarti
443 3867 489 3924 vel
509 3868 601 3939 quinti
622 3868 706 3940 pedis
727 3867 802 3925 thesi
825 3874 996 3940 posuerunt,
1018 3883 1092 3938 quae
1113 3866 1293 3925 Scheindleri

168 3961 212 4014 est
242 3956 407 4016 observatio
432 3959 462 4015 in
488 3958 655 4018 Zeitschrift
680 3957 726 4016 fiir
752 3958 992 4017 osterreichische
1018 3958 1192 4031 Gymnasien
1220 3960 1291 4019 1879

167 4065 196 4121 p.
210 4056 267 4108 422
278 4066 320 4122 sq.
338 4081 374 4091 —
397 4052 534 4110 »Poterat
548 4053 728 4126 [Hermann]
749 4069 806 4111 una
819 4053 978 4111 mutatione
992 4050 1110 4124 defungi
1124 4069 1176 4125 pro
1190 4052 1291 4112 tribus.

171 4142 234 4213 quis
255 4144 330 4202 enim
351 4145 414 4203 iure
434 4146 643 4219 vituperaverit
663 4147 739 4205 hanc
759 4146 898 4207 orationis
918 4144 1051 4204 formam:
