3208 4848
752 384 962 447 ..92-

295 568 425 629 codicem
440 569 632 629 Mutinensem
658 566 831 628 conferentis
850 570 950 628 oculos
970 567 1106 642 fugerint.
1126 602 1163 613 -
1185 568 1246 629 241
1266 567 1421 646 αμακλέοιο

296 661 343 733 Μ,
369 660 557 739 παραμναψας
581 662 628 734 Μ,
659 660 849 739 παραγνάψας
873 662 1096 722 AGLNPRW
1125 679 1189 724 cum
1219 662 1284 730 edd.
1310 663 1377 720 inde
1403 679 1418 720 a

297 754 442 827 Bakhum,
463 754 637 833 παραγάψας
656 757 703 814 vel
723 753 895 832 παρανάψοις
908 756 942 829 Q,
962 754 1204 833 παοαγνάμψαςὸ
1225 764 1255 815 et
1272 756 1337 814 edd.
1353 761 1420 814 ante

297 847 439 920 Bellen,
460 848 549 920 idque
567 849 688 920 retinui,
709 847 849 907 suadente
870 849 957 907 etiam
980 848 1103 909 Graefio.
1125 882 1160 892 -
1182 850 1211 907 οἱ
1228 848 1359 906 andellae
1378 848 1420 906 M.

299 973 331 984 -·
354 941 387 998 In
408 943 525 1015 vulgata
545 960 587 1001 vv.
610 949 675 1001 240.
692 935 745 1000 241
769 942 914 1014 scriptura
934 944 1043 1015 primus
1057 942 1177 1002 offendit
1189 943 1318 1016 Lennep,
1339 942 1421 1001 cuins

295 1034 369 1093 haee
390 1041 435 1093 est
454 1040 536 1105 nota:
565 1035 701 1107 »Apollo‚
729 1051 786 1093 non
806 1035 986 1108 Hyacinthus
1009 1035 1190 1095 Garnaeus
1213 1037 1327 1095 dicitur.
1365 1035 1421 1094 Vel

294 1129 396 1199 itaque
418 1127 557 1187 Oolutbus
579 1129 697 1196 erravit,
718 1128 764 1187 vel
785 1128 971 1202 interpretes,
993 1131 1041 1201 qui
1056 1126 1204 1206 Καρνείοιο
1223 1146 1277 1202 pro
1292 1127 1421 1203 epitheto

299 1221 456 1294 Hyacinthi
482 1228 629 1295 ceperunt.
675 1224 777 1282 Potest
802 1221 877 1282 forte
902 1224 1080 1296 Hyacinthus
1110 1222 1157 1281 bic
1188 1222 1244 1281 dici
1271 1218 1421 1300 Καρνείου,

303 1316 409 1389 quippe
424 1316 566 1388 Apollinis
586 1318 720 1388 amasius,
740 1323 773 1375 ut
794 1318 1023 1390 distingueretur
1042 1317 1078 1376 ab
1100 1318 1164 1375 aliis
1184 1316 1312 1375 eiusdem
1333 1317 1422 1376 nomi·

295 1406 371 1467 nis«
416 1408 524 1470 Contra
544 1409 675 1469 Graefius
695 1429 722 1484 p.
745 1419 809 1470 252.
831 1419 901 1470 253:
933 1410 1029 1469 »Leve
1049 1414 1094 1469 est
1114 1415 1145 1469 et
1164 1409 1249 1468 facile
1269 1409 1422 1468 emendan-

298 1504 368 1562 dum
387 1504 427 1576 id,
448 1505 476 1562 in
492 1521 548 1576 quo
562 1505 691 1577 Lenuep.
712 1506 815 1575 buerit,
837 1504 1016 1577 Hyacinthus
1031 1499 1168 1563 Cernens
1193 1501 1354 1561 Difficultas
1376 1506 1423 1560 est

296 1598 328 1654 in
342 1598 476 1670 particip.
493 1595 718 1675 παραγνάμψας
739 1597 867 1657 Belrberi
886 1596 1075 1675 ποραμνάψας
1089 1614 1174 1656 sensu
1189 1598 1275 1670 plane
1290 1596 1423 1654 destitui·

298 1697 354 1751 tur.
383 1690 510 1748 Verbum
529 1688 750 1766 ααραμνάμπτω,
771 1695 943 1763 suspectum
963 1691 1138 1761 Schneidero
1158 1692 1188 1748 in
1207 1690 1278 1748 Lex.
1298 1690 1345 1747 bic
1366 1705 1422 1748 non

298 1783 355 1840 nisi
380 1783 561 1851 intransitive
587 1784 652 1856 oapi
683 1789 795 1856 potest,
828 1787 861 1841 ut
884 1780 1097 1859 aepcyroipmser
1122 1783 1224 1856 Odyss.
1250 1783 1293 1841 IX
1318 1790 1364 1842 80.
1393 1787 1423 1841 et

300 1882 454 1948 cognatum
474 1873 698 1952 emendaturam,
719 1873 909 1951 ὑποκάμπτειν
930 1881 985 1935 etc.
1015 1877 1079 1936 Hoc
1098 1892 1151 1950 per
1170 1893 1202 1935 se
1221 1893 1278 1935 non
1298 1874 1423 1934 incredi-

300 1973 374 2043 bile;
401 1971 454 2029 sed
475 1973 516 2029 sic
535 1976 602 2044 post
617 1967 773 2027 Ὑακίνθου
793 1970 935 2042 quaedam
955 1971 1058 2029 deesse
1078 1970 1224 2041 ridentur,
1248 1975 1281 2027 ut
1300 1969 1421 2027 miratus

299 2064 450 2123 Mineruae
465 2068 600 2136 statuam,
620 2069 952 2136 mextransgressus
966 2063 1158 2137 Hyacinthi
1176 2064 1328 2136 signum,
1349 2063 1423 2122 alio

242 2224 244 2233 y
263 2181 266 2186 ·
300 2159 376 2215 iter
389 2157 599 2229 inflectens,
614 2158 712 2215 neseio
723 2173 779 2229 quo
791 2174 823 2215 se
833 2158 989 2217 contulisse
999 2158 1113 2216 dicatur
1121 2157 1295 2216 Alexander.
1316 2156 1423 2214 Verum

299 2252 468 2323 relativum,
494 2251 570 2322 quod
590 2252 735 2322 sequitur,
762 2247 793 2306 ίν
816 2268 887 2308 ποτε
912 2251 948 2308 de
973 2266 1059 2310 versu
1083 2251 1167 2308 huius
1193 2265 1294 2308 sensus
1318 2250 1423 2308 omisso

301 2345 498 2419 cogitaremus
523 2345 641 2417 patitur.
682 2344 722 2402 Et
746 2345 789 2402 uti
815 2345 932 2403 verbum
953 2343 1116 2421 διεμέτρεεν
1136 2362 1161 2403 v.
1183 2346 1248 2404 237.
1273 2359 1327 2416 per
1352 2337 1425 2399 ἔνθα

297 2436 362 2514 μὲν,
383 2433 456 2496 ἔνθα
476 2437 510 2496 δὲ
531 2439 641 2498 duobus
662 2440 823 2512 participiis
843 2439 923 2512 iungi
945 2444 1051 2512 potest,
1074 2440 1117 2497 ita
1135 2443 1232 2496 tamen
1251 2442 1350 2509 aptum
1367 2451 1424 2495 non

301 2539 348 2600 est
367 2529 591 2608 παραγνάμψας,
612 2533 681 2603 quia
703 2539 733 2591 et
752 2532 884 2591 absolute
904 2533 1029 2607 positum
1049 2538 1107 2604 est,
1132 2536 1162 2590 et
1180 2547 1233 2604 pro
1255 2530 1363 2588 aoristo
1383 2528 1425 2586 sio

301 2641 440 2699 praesens
460 2624 654 2683 desideratur.
685 2625 787 2696 Neque
808 2626 884 2683 euim
904 2624 941 2684 ab
955 2625 1097 2700 Apollinis
1117 2622 1255 2697 signoad
1268 2620 1425 2696 Hyacinthi

299 2718 454 2790 imaginem
476 2722 528 2775 aut
548 2716 610 2774 rice
630 2733 715 2775 versa
735 2715 904 2777 deflectere:

339 2823 412 2887 ἔνθα
426 2825 459 2886 δὲ
476 2824 626 2904 Καρνείοιο
640 2831 692 2899 (sc.
707 2825 786 2893 εἶδος
799 2827 970 2907 θηεύμενος)
984 2825 1385 2905 παραμνάμψαςὙάκινθον,

301 2946 388 3007 facile
408 2950 513 3021 potuit,
534 2950 640 3006 iunctis
660 2950 771 3022 potius,
793 2955 825 3007 ut
845 2948 995 3021 probabile
1015 2952 1074 3019 est,
1094 2948 1243 3019 utriusque
1263 2945 1367 3018 signis,
1388 2941 1425 3001 ei.

303 3043 428 3101 Pansam
454 3042 568 3114 111193
594 3059 688 3115 neque
714 3043 787 3102 mori
811 3042 912 3101 borum
936 3046 1087 3114 poetarum
1107 3041 1252 3111 convenit,
1279 3038 1370 3096 multa
1390 3052 1427 3094 ex
1466 3101 1468 3105 ,

303 3136 454 3195 antecedd.
488 3138 633 3211 supplere.
678 3137 780 3208 Neque
812 3152 880 3194 vero
904 3135 958 3193 boo
988 3136 1153 3194 coniectura
1182 3133 1297 3191 ridetur
1323 3130 1426 3189 evitari

303 3248 400 3306 posse,
421 3232 476 3288 etsi
497 3246 513 3289 e
533 3231 599 3289 leet.
616 3230 684 3290 (iod.
699 3230 773 3288 Mut.
793 3225 990 3305 παραγνάφας,
1011 3228 1122 3287 duabus
1142 3227 1235 3285 literis
1255 3223 1284 3283 Ν
1298 3225 1327 3282 in
1348 3222 1375 3281 A
1395 3229 1427 3282 et

308 3322 384 3383 ldin
406 3322 417 3380 ί
439 3325 509 3384 satis
534 3322 724 3397 probabiliter
743 3323 876 3395 mutatis,
902 3319 1000 3395 effingi
1023 3326 1122 3395 potest
1143 3321 1230 3379 lectio
1255 3335 1311 3378 uon
1338 3318 1426 3376 inele-

301 3436 373 3492 gans
393 3420 479 3477 haec:

457 3524 529 3585 ἔνθα
549 3525 583 3584 δὲ
603 3523 763 3603 Καρνείοιο,
783 3523 848 3601 παρ’
868 3523 1019 3601 ἀγλαΐας
1033 3521 1199 3582 Ὑάκινθον
1219 3523 1286 3594 [siu]

304 3647 426 3716 propter
445 3644 696 3699 commemoratam
716 3654 782 3697 mox
796 3636 952 3710 Hyacinthi
971 3633 1212 3708 pulchritudinem
1232 3629 1427 3706 praeferenda

304 3737 384 3795 uua.
460 3821 533 3884 ενοι
552 3823 586 3883 ee
608 3822 757 3900 Καρνείοιο
776 3822 840 3900 παρ’
860 3816 1016 3899 ἀιλαῖας
1030 3817 1194 3877 Ὑακῖνω
1214 3817 1281 3892 [⁸³⁰]

303 3938 359 3996 nisi
373 3939 416 3994 sic
429 3936 512 3994 malis
526 3933 677 4010 Καρνείοιο
690 3937 755 4009 παρ’
772 3932 973 4009 ἀγκοίναις,
989 3928 1163 3988 Ὑάκινθον.
1194 3927 1253 3988 Sed
1266 3928 1321 3987 hoc
1334 3927 1426 3998 magis
1512 3917 1516 3922 ’

304 4030 416 4090 recedit
436 4036 465 4088 et
492 4031 598 4089 multus
611 4036 670 4089 test
690 4029 828 4088 (loluthus
847 4028 878 4084 in
897 4025 1062 4099 usurpando
1083 4038 1143 4084 roc.
1164 4021 1276 4098 ἀγλαία.
1319 4021 1426 4080 Verum

304 4126 351 4184 vel
364 4125 406 4183 sie
419 4126 583 4199 importuna
598 4129 643 4182 est
656 4123 708 4181 illa
723 4123 840 4195 ellipsis,
854 4122 897 4180 ita
911 4121 1025 4181 demum
1040 4118 1183 4191 evitanda,
1202 4117 1228 4175 si
1241 4115 1427 4191 participium
