3208 4848
747 377 958 439 ..96-

292 556 368 632 quod
390 559 566 620 Schneidero
587 575 701 632 qnoque
722 560 863 619 suadente
887 562 994 634 recepi.
1025 560 1160 639 θαλερῶν
1180 562 1265 623 codd.
1292 566 1363 624 dett.
1386 572 1419 625 et

292 652 358 711 edd.
371 671 469 713 omnes
486 660 605 728 praeter
615 655 766 726 IuIIanum,
782 655 831 725 qui
841 655 981 713 Kistneri
997 672 1111 728 quoque
1125 658 1286 717 versionem
1300 667 1419 719 secutus

293 745 418 822 θαλερόν
439 763 475 806 ex
487 748 520 805 M
539 748 662 819 recepit,
683 754 712 806 et
732 753 851 820 praeter
866 749 968 822 Lehrs,
989 751 1037 820 qui
1057 751 1134 821 qnod
1148 751 1314 811 Hermanno
1335 771 1363 825 p.
1381 760 1417 812 19

291 843 320 898 in
346 841 454 901 codicis
475 843 649 900 Mutinensis
670 842 814 915 scriptura
838 843 931 901 latere
957 842 1136 927 denuost,
1161 843 1293 920 θαλάμου
1314 847 1416 906 edidit.

293 933 375 993 »fort
398 934 530 1011 θαλερῶν
550 935 718 994 mutandum
740 936 770 993 iu
790 933 957 1012 σταθερῶν,
983 942 1035 993 aut
1055 934 1202 1012 θαλάμων,
1228 938 1262 997 cf.
1284 947 1340 999 252
1365 946 1420 1000 aut

292 1028 441 1101 σταθμῶν,
462 1029 496 1087 ei.
517 1029 637 1088 Theoor.
659 1029 701 1085 ld.
722 1028 819 1087 XXIV
842 1035 886 1086 15.
916 1027 1072 1101 Tryphiod.
1100 1047 1125 1086 v.
1147 1037 1218 1104 339,
1242 1033 1299 1091 nisi
1323 1035 1417 1093 tutius

290 1127 335 1179 est
363 1123 494 1194 recipere
525 1123 591 1179 lect.
621 1120 690 1180 eod.
715 1121 789 1178 Mut.
815 1118 954 1194 θαλερόν,
985 1122 1041 1180 etsi
1065 1123 1112 1179 vix
1137 1123 1347 1184 substantivum
1373 1128 1418 1185 sic

290 1215 478 1274 omittendum
500 1220 591 1274 eret«
634 1212 751 1287 Greci.
773 1232 800 1286 p.
823 1221 887 1273 254.
927 1214 1086 1273 Hermanni
1111 1215 1242 1292 θαλάμου
1268 1224 1348 1278 recte
1368 1236 1413 1279 re·

289 1307 421 1379 pudiavit
442 1308 600 1367 Schneider
619 1324 647 1380 p.
669 1314 735 1366 426.
757 1309 826 1364 427;
859 1323 943 1365 »nam
967 1315 1124 1379 penetrare
1150 1326 1241 1381 usque
1263 1312 1416 1395 adthela-

288 1418 365 1460 mum
385 1402 515 1461 Helenae
540 1403 624 1460 nimis
650 1400 826 1474 impudentis
853 1417 887 1458 ao
912 1403 1041 1472 protervi
1066 1399 1169 1461 fuisset
1193 1405 1329 1478 hominis,
1355 1423 1412 1467 non

289 1496 411 1568 hospitis
438 1495 595 1555 verecundi
616 1501 645 1553 et
669 1494 805 1567 modesti,
834 1495 928 1566 qualis
954 1511 1028 1552 nune
1054 1496 1169 1568 quidem
1196 1498 1322 1557 debebat
1347 1517 1413 1560 esse

287 1588 385 1661 Paris,
412 1605 496 1661 quem
524 1606 578 1662 par
599 1596 662 1646 erat
687 1585 912 1646 consisteretur}
935 1585 1093 1665 προθύροις
1118 1585 1204 1646 οὐδοῦ
1231 1587 1274 1647 ἐπ’
1300 1589 1416 1650 αὐλείου

289 1682 385 1757 (Hom.
408 1682 461 1740 Od.
484 1691 509 1753 1,
526 1691 579 1741 103
591 1698 633 1753 sq.
654 1682 687 1740 II.
708 1688 752 1753 11,
768 1682 802 1739 77
815 1686 916 1752 soph«
948 1680 1073 1758 θαλερόν
1094 1690 1189 1741 autem
1211 1702 1264 1756 pro
1284 1686 1414 1745 iuvene

288 1776 410 1846 aliquo
431 1775 539 1833 dictum
551 1775 673 1847 accepit
687 1774 845 1832 Schneider
863 1792 892 1846 p.
906 1777 972 1844 427,
992 1776 1125 1846 »qualem
1139 1777 1280 1836 Homerus
1296 1779 1412 1850 quidem

286 1869 418 1942 appellat
439 1865 563 1945 θαλερὸν
583 1866 680 1944 αι’ζηύν
699 1869 744 1924 vel
766 1865 890 1942 θαλερὸν
910 1863 1008 1943 ἠίθεον
1029 1868 1073 1937 (II.
1097 1876 1123 1940 3,
1145 1877 1190 1928 26.
1214 1876 1258 1942 10,
1278 1878 1342 1930 259.
1365 1879 1412 1942 11,

284 1970 351 2022 414.
374 1969 418 2035 14,
433 1971 459 2020 4.
484 1965 528 2035 17,
544 1968 608 2020 282.
629 1969 655 2032 4,
675 1964 753 2030 474),
779 1960 831 2017 sed
851 1961 933 2017 Iiouit
947 1961 1090 2034 OoIIntho,
1111 1963 1186 2032 quod
1207 1963 1264 2021 iam
1286 1964 1409 2026 Alexan·

285 2056 376 2113 driuis
397 2058 492 2128 poetis
517 2056 605 2113 moris
630 2053 719 2111 fuisse
745 2053 887 2126 videmus,
913 2060 946 2111 ut
972 2070 1046 2125 quae
1067 2055 1210 2114 Homerus
1237 2058 1344 2130 aliique
1363 2075 1412 2117 ve·

213 2148 221 2194 ‘·
285 2149 423 2208 tustiores
453 2154 560 2221 poetae
588 2164 644 2204 non
671 2151 883 2219 usurpaverant
908 2147 1048 2206 voeabula
1074 2149 1128 2206 nisi
1159 2145 1333 2215 ἐπιθετικῶς
1359 2152 1409 2210 ad-

283 2242 417 2314 iectoque
437 2243 625 2314 substantivo,
647 2257 682 2299 ea
702 2247 735 2298 ut
754 2241 860 2299 omisso
875 2241 1054 2300 substantivo
1075 2259 1128 2313 per
1149 2259 1180 2300 se
1200 2251 1342 2316 ponerent
1362 2262 1410 2303 ea-

285 2335 350 2392 dem
377 2337 405 2393 vi
431 2343 518 2409 atque
543 2334 779 2408 significatione«
822 2333 904 2404 Quod
931 2334 1089 2393 Schneider
1113 2336 1244 2408 plurimis
1272 2339 1409 2411 exemplis

284 2428 321 2485 ad
342 2427 369 2486 h.
390 2429 412 2486 l.·
430 2429 594 2488 illustravit.
636 2427 743 2487 Contra
771 2427 913 2485 Touruier
937 2423 965 2500 p'.
987 2435 1032 2499 32,
1058 2429 1107 2499 qui
1131 2446 1233 2502 pamm
1258 2432 1409 2503 probabile

284 2536 348 2579 esse
368 2526 454 2593 putat
473 2537 597 2592 unquam
618 2519 744 2596 θαλερόν
768 2537 821 2593 pro
847 2518 972 2595 θαλερὸν
993 2519 1089 2597 αἰζηῶν
1110 2522 1218 2581 dietum
1240 2541 1318 2596 esse,
1345 2541 1408 2582 eum

286 2613 458 2671 adiectivum
485 2611 612 2684 θολερός
636 2628 726 2684 saepe
752 2613 838 2669 etiam
865 2612 930 2669 aliis
955 2620 1074 2684 praeter
1098 2612 1197 2690 αλζηὸς
1222 2616 1408 2674 substantivis

283 2705 414 2764 additum
433 2706 607 2778 reperietur,
628 2706 721 2764 Iocum
743 2705 785 2763 sic
805 2705 1014 2763 emendandum
1035 2723 1098 2764 esse
1119 2708 1236 2766 suadet:

384 2806 431 2864 xci
451 2805 639 2883 φθονερῶν
667 2808 720 2877 (sie
744 2807 841 2879 potius
868 2823 952 2878 quam
980 2806 1098 2884 θαμινόν
1122 2810 1168 2868 vel
1189 2807 1320 2887 θολερόν)
1340 2830 1406 2885 προ-

735 2898 858 2977 πάροιθε
878 2896 1113 2958 θιοπτεύοντα
1134 2902 1253 2979 θυράων

362 2992 426 3060 ’ὡς
446 2992 512 3068 ἴδεν,
525 2991 576 3059 ’ὣς
596 2992 753 3067 ἐκάλεσσε,
774 2993 821 3051 καλ
841 2990 875 3058 ἐς
891 2990 985 3071 μυχὸν
1005 2987 1109 3071 ἤγαγεν
1129 2992 1218 3068 οἴκου,

282 3105 387 3164 collato
413 3107 514 3165 Nonno
535 3105 620 3165 Dion.
641 3105 695 3163 XV
726 3106 780 3163 271
803 3102 872 3182 δίχα
895 3102 1053 3180 φθονερυῒο
1078 3105 1219 3183 χιτῶνος,
1242 3107 1325 3166 XLII
1350 3115 1407 3166 453

279 3196 424 3276 ’φθονερὴν
450 3195 633 3274 ἐπεμέμφετο
655 3196 769 3273 μίτρην,
797 3200 827 3255 et
851 3195 936 3254 XXII
957 3203 992 3254 to
1017 3193 1125 3273 ύμμασι
1149 3203 1287 3276 ποιητοῖσι
1311 3199 1408 3257 διοπ-

279 3289 394 3348 τεύων
424 3289 604 3368 τρυφαλείης.
636 3323 671 3332 -
702 3286 874 3346 ὀπιπεύουσα
898 3289 931 3346 Μ
957 3295 987 3347 et
1018 3290 1083 3348 edd.
1113 3292 1181 3350 inde
1212 3309 1230 3351 a
1259 3292 1407 3366 Bekkem,

278 3381 472 3476 θτιπτεύσύύσα
487 3418 518 3491 0,
539 3414 728 3475 θπιπτεύουσα
743 3416 889 3475 LNPSV
909 3421 940 3474 et
956 3417 1020 3476 edd.
1036 3425 1154 3491 praeter
1168 3420 1306 3492 Stephon.
1321 3420 1404 3479 Leot.

278 3512 367 3585 Port,
382 3512 431 3583 qui
445 3511 520 3582 quod
533 3511 682 3583 unoque
695 3509 785 3569 habet
798 3506 995 3568 ἐποπτεύουσα
1009 3514 1194 3585 scripserunt
1215 3509 1404 3570 ὀπιπεύουσα

277 3639 313 3712 A,
333 3601 512 3708 ὀπιῆεύαυσα
533 3638 557 3709 Q
578 3641 664 3706 (corr.
684 3654 720 3695 m.
742 3641 814 3709 pn),
834 3670 873 3680 —
893 3636 1010 3716 θηράυιν
1031 3640 1069 3712 L,
1094 3638 1202 3715 θηρίων
1224 3640 1262 3712 Q3
1285 3673 1318 3682 -
1342 3639 1406 3699 26⁷

277 3729 398 3790 ὦσειθεν
417 3732 457 3803 Μ,
479 3725 518 3796 ὣς
538 3728 596 3788 ἴδεν
610 3732 650 3803 Ν;
672 3751 715 3795 ως
726 3731 768 3802 Μ,
790 3727 832 3796 ὡς
850 3733 913 3790 rell.
935 3733 1018 3791 codd.
1040 3738 1070 3790 et
1090 3732 1155 3790 edd.
1178 3739 1245 3792 ante
1265 3733 1404 3807 Bekker,

277 3826 326 3897 qui
340 3819 380 3889 ὣς
399 3825 500 3883 edidit.
516 3859 551 3867 -
566 3822 712 3881 εκάλεσσε
725 3825 766 3894 Μ,
787 3822 932 3882 ἐκάλεσσε
952 3825 1017 3884 edd.
1036 3826 1105 3884 inde
1118 3815 1136 3884 a
1150 3826 1301 3898 Bekker03
1322 3823 1407 3903 ἐνόη-

276 3935 326 3975 σεν
348 3920 386 3992 Q,
414 3914 517 3995 ἐνόησε
540 3920 603 3980 rell.
630 3917 713 3977 codd.
740 3925 770 3978 et
796 3919 875 3991 edd.;
903 3951 937 3960 -
960 3917 1158 3997 μυχονήγαγεν
1182 3920 1229 3991 Μ;
1255 3914 1345 3997 ἤγαγε
1367 3921 1405 3992 Ο;

276 4007 363 4087 αὐλην
376 4012 418 4083 Μ,
439 4007 527 4089 αὐλῆς
546 4013 609 4070 rell.
630 4011 713 4071 codd.
736 4017 766 4070 et
787 4012 851 4070 edd.
873 4016 941 4069 ante
954 4011 1092 4086 Bekker,
1114 4015 1163 4085 qni
1184 4012 1265 4071 οἴκου
1286 4014 1404 4086 seripsIt

277 4120 313 4162 ex
332 4105 434 4164 Nonno
454 4105 540 4164 Dion.
562 4106 605 4163 III
625 4111 681 4164 423
707 4101 781 4162 ἑλῶν
808 4102 844 4162 δέ
863 4124 910 4181 μιν
934 4104 987 4171 εἷς
1007 4104 1122 4186 μυχὸν
1147 4105 1259 4180 οἴκου,
1285 4111 1405 4165 secutus
