3210 4836
659 344 783 437 ..¹65
828 408 871 418 .-

153 590 159 597 -
203 557 368 630 subrideat,
388 573 445 616 non
471 556 602 617 subridet
621 559 668 617 hic
694 559 752 617 alia
778 558 814 615 de
840 573 929 616 causa
954 562 1042 629 atque
1069 572 1126 628 qua
1145 557 1326 615 Hermannns

202 667 268 708 cum
289 655 357 722 post
376 656 474 709 v.158
494 649 636 708 ridentem
657 649 734 721 facit,
757 650 888 707 nimirum
910 650 986 722 quod
1007 655 1051 708 tot
1070 650 1120 706 ille
1141 649 1261 708 dearum
1280 666 1328 708 ve·

201 748 336 801 nustates
359 744 517 816 conspexit.
538 760 592 802 nec
611 746 704 817 magis
724 745 891 804 Hermanno
912 745 1064 813 assentior,
1086 743 1162 815 quod
1176 743 1328 802 Minervae

204 851 358 908 personam
380 835 522 894 dedecere
542 842 627 909 putat
645 838 721 895 hunc
741 837 922 911 supplicandi
941 837 1066 909 modum,
1087 843 1119 894 ut
1131 853 1218 895 manu
1230 838 1328 895 Parim

201 928 392 1001 prehendat«.
433 928 491 987 Sed
511 936 707 988 vv.135.136
734 945 847 1001 quoque
867 929 913 986 vel
932 933 1000 1001 post
1019 929 1212 986 recentiorum
1235 927 1326 987 edito-

201 1037 266 1078 rum
287 1037 372 1079 curas
393 1022 463 1080 vitio
480 1037 536 1078 non
551 1037 651 1079 carere
669 1022 777 1093 primus
793 1022 910 1094 egregie
926 1020 1025 1079 docuit
1038 1020 1204 1092 Schneider,
1218 1038 1247 1093 p.
1261 1027 1327 1080 420.

203 1122 274 1173 421;
307 1115 399 1172 »Nam
420 1115 444 1171 si
466 1113 576 1190 κόσμος
589 1114 793 1187 intelligendus
809 1124 853 1172 est
872 1116 978 1173 trium
998 1116 1147 1174 omnium
1169 1114 1326 1183 dearum,

203 1207 310 1266 debent
324 1209 411 1266 etiam
428 1225 502 1280 quae
515 1210 695 1280 praecedunt
713 1207 870 1285 βλεφάρων
891 1207 980 1273 σέλας
1001 1212 1031 1266 et
1050 1206 1129 1285 δειρὴ
1148 1211 1253 1286 χρυσῷ
1269 1205 1328 1263 δαι-

202 1299 291 1378 δαλέη
312 1301 349 1360 de
374 1318 545 1373 unaquaque
570 1302 693 1374 intelligi
721 1302 790 1373 dea,
816 1301 846 1358 id
867 1301 943 1373 quod
968 1318 1051 1360 nemo
1076 1300 1246 1374 persuaderi
1272 1299 1327 1358 sibi

203 1395 345 1466 patiatur,
377 1396 426 1465 qni
451 1396 624 1467 cogitaverit
647 1395 791 1454 Venerem
816 1394 932 1466 quidem
958 1411 1028 1453 auro
1057 1410 1175 1453 ornasse
1201 1408 1247 1462 se,
1274 1392 1326 1451 sed

201 1487 364 1545 Minervam
385 1493 414 1544 et
435 1485 573 1546 Iunonem
594 1489 645 1545 tali
667 1487 808 1546 lenocinio
829 1502 897 1544 usas
918 1503 997 1559 esse,
1026 1503 1081 1544 non
1106 1486 1219 1543 narrari
1240 1502 1265 1541 v.
1280 1492 1326 1544 80.

201 1580 300 1651 itaque
326 1594 412 1649 quum
442 1576 522 1657 δειρὴ
543 1582 649 1658 χρυσῷ
672 1575 807 1654 δαιδαλέη
834 1577 871 1635 ad
891 1577 1034 1635 Venerem
1058 1578 1148 1635 solam
1173 1575 1328 1636 referenda

203 1672 241 1729 sit
261 1671 310 1743 [ad
330 1673 466 1730 Iunonem
486 1674 561 1730 male
582 1673 684 1730 retulit
703 1672 807 1744 Iulien]
829 1676 859 1729 et
880 1669 1041 1746 γλαυκῶν
1060 1668 1217 1746 βλεφάρων
1239 1669 1328 1736 σέλας

203 1765 408 1838 cogitationem
429 1766 572 1838 extemplo
596 1765 633 1823 ad
655 1765 815 1842 γλαυκῶπιν
831 1760 968 1841 Ἀθήνην
994 1763 1121 1837 abripiat
1144 1764 1197 1835 [sic
1217 1765 1326 1836 primus

201 1863 282 1915 recte
296 1858 408 1931 Inlien],
430 1856 542 1932 κόσμος
563 1859 625 1915 iure
647 1859 841 1931 intelligemus
862 1857 898 1915 de
919 1857 1017 1928 aliqua
1031 1861 1183 1915 venustate
1197 1858 1326 1931 corporis

202 1951 327 2010 Iunonis.
368 1951 444 2022 quod
465 1952 489 2009 si
510 1967 609 2009 verum
629 1957 675 2009 est
702 1984 734 1993 -
761 1958 792 2009 et
811 1967 865 2023 ego
886 1951 1002 2022 quidem
1027 1956 1098 2023 puto
1126 1966 1190 2008 esse
1214 1952 1328 2010 verissi-

202 2060 279 2101 mum
301 2077 334 2085 -
357 2050 481 2117 apparet
500 2061 557 2103 non
577 2045 634 2102 iam
654 2045 784 2118 potuisse
804 2063 830 2103 v.
847 2052 900 2104 135
922 2042 1040 2121 πτέρναν
1066 2054 1096 2102 et
1122 2042 1248 2121 ταρσούς
1271 2062 1328 2104 me

202 2137 318 2210 morari,
339 2138 442 2209 quibus
463 2155 558 2210 neque
579 2139 740 2196 Minervam
761 2145 812 2196 aut
831 2138 973 2196 Venerem
998 2153 1071 2210 prae
1091 2139 1196 2195 ceteris
1216 2140 1327 2212 conspi-

202 2247 271 2289 cuas
297 2237 411 2289 veteres
436 2230 587 2289 finxerunt.
627 2238 658 2290 at
687 2249 744 2290 non
774 2233 932 2304 expulerim
961 2238 1058 2288 tamen
1088 2231 1222 2290 continuo
1251 2229 1327 2288 hunc

202 2340 331 2397 versum,
358 2326 413 2382 etsi
433 2325 557 2383 omissus
578 2331 623 2383 est
643 2325 672 2381 in
692 2324 791 2383 codice
811 2324 970 2381 Mutinensi
990 2355 1027 2364 —
1047 2339 1113 2380 nam
1137 2323 1185 2380 hic
1210 2323 1326 2395 quidem

201 2417 292 2475 codex
313 2418 401 2474 etiarn
422 2410 494 2475 alios
511 2417 620 2475 omittit
634 2433 734 2474 versus
749 2415 785 2474 ab
799 2416 918 2487 reliquis
933 2414 1080 2474 codicibus
1095 2421 1235 2489 servatos,
1256 2432 1327 2490 quos

201 2514 357 2583 propterea
376 2525 460 2568 nemo
481 2507 565 2568 facile
585 2510 740 2567 reiciat-
761 2510 813 2567 sed
832 2509 1030 2582 reponendum
1052 2526 1116 2567 eum
1137 2526 1241 2569 censeo
1261 2516 1330 2583 post

202 2621 227 2660 v.
243 2610 312 2674 132,
332 2601 383 2660 ubi
403 2603 552 2675 aptissime
574 2603 658 2661 Paris
680 2603 793 2661 dicetur
813 2603 1056 2675 pulchritudinem
1077 2604 1197 2662 dearum
1217 2604 1259 2662 ita
1280 2619 1327 2662 ex·

201 2695 368 2768 ploravisse,
390 2701 422 2753 ut
443 2697 580 2766 cuiusque
603 2696 649 2754 vel
669 2696 757 2753 calcis
778 2701 958 2754 venustatem
979 2703 1009 2755 et
1022 2697 1187 2770 plantarum
1201 2698 1324 2771 vestigia

203 2792 358 2861 spectaret,
382 2805 473 2860 usque
495 2788 561 2846 dum
582 2789 820 2867 inveniret-quac
841 2790 943 2861 cuique
964 2789 1038 2847 deae
1056 2791 1176 2863 propria
1190 2795 1267 2848 esset
1281 2808 1327 2850 ve·

200 2887 310 2954 nustas,
330 2882 480 2940 Minervae
502 2881 567 2941 dico
590 2883 688 2941 oculos
709 2882 905 2954 splendentes,
925 2882 1048 2941 Veneris
1069 2885 1187 2956 collum,
1208 2884 1325 2944 Iunonis

201 2974 327 3033 brachia.
353 2992 419 3033 nam
445 2963 565 3034 brachia
584 2971 671 3054 Ἥρης
696 2974 873 3033 λευκωλένου
899 2977 997 3034 statim
1023 2977 1142 3035 velate
1167 2977 1272 3036 nebula
1297 2980 1327 3037 in

201 3074 385 3141 conspectum
404 3068 558 3142 prodeunt,
582 3071 606 3127 si
627 3085 740 3127 versum
758 3075 812 3127 134
833 3070 1029 3128 coniunximus
1043 3087 1108 3129 cum
1128 3089 1153 3129 v.
1171 3079 1224 3130 136
1246 3070 1327 3142 (κάσ-

195 3179 253 3237 μον
267 3200 365 3217 .....
384 3162 496 3240 χειρῶν
516 3161 702 3236 μειδιόωντα)
723 3164 817 3221 eiecto
831 3178 916 3221 versu
932 3171 985 3223 135
1001 3166 1050 3236 qui
1064 3166 1139 3225 male
1152 3167 1208 3224 huo
1221 3167 1325 3239 pedem

199 3255 305 3317 intulit.
337 3271 390 3313 nec
412 3256 515 3312 mirum
535 3255 603 3313 illue
623 3256 775 3327 irrepsisse
796 3271 875 3328 eum,
899 3263 1053 3330 postquam
1073 3258 1161 3317 semel
1188 3260 1325 3320 mendose

200 3351 339 3422 scriptum
359 3348 415 3407 fuit
437 3346 545 3424 κόσμον
565 3344 732 3427 ἑκάστης.
763 3366 828 3408 nam
847 3351 896 3422 qui
909 3353 1045 3411 omissum
1058 3353 1127 3411 olim
1141 3369 1254 3411 versum
1270 3362 1324 3415 135

200 3443 336 3517 supplere
361 3442 465 3512 voluit,
491 3443 636 3516 supplevit
661 3449 728 3514 post
753 3444 876 3501 alterurn
900 3440 1030 3520 ἑκάστης
1053 3449 1091 3515 (ν.
1108 3450 1174 3516 134)
1200 3462 1257 3505 non
1281 3449 1326 3507 uti

200 3534 326 3594 debebat
345 3544 413 3609 post
433 3537 514 3611 prins
536 3540 574 3607 (v.
591 3538 667 3603 132).
697 3535 792 3608 ipsum
816 3541 913 3594 autem
938 3537 1010 3595 illud
1036 3536 1144 3613 κόσμον
1169 3534 1326 3620 ἑκάστης

200 3630 342 3701 quomodo
363 3629 575 3688 emendandum
595 3630 709 3688 sitnon
729 3630 853 3699 invenio,
873 3647 939 3689 nem
959 3630 1068 3708 κόσμον
1083 3628 1207 3709 ἐραστάν
1221 3650 1324 3707 parum

198 3723 305 3794 placet.
320 3756 358 3765 -
378 3724 504 3783 Restant
523 3723 613 3782 verba
622 3721 795 3800 μειδιόωντα
809 3722 892 3801 δίκης
904 3723 1098 3802 προπάροιθεν
1112 3722 1228 3799 ἑλοῦσα,
1249 3743 1324 3798 quae

199 3820 232 3873 ut
252 3832 327 3874 nuno
349 3822 416 3875 sunt
429 3818 526 3890 posita
539 3817 689 3878 offendunt
702 3817 822 3890 copulae
836 3815 960 3891 defectu,
981 3836 1066 3891 quam
1080 3820 1143 3878 iure
1157 3820 1324 3894 Lennepins

199 3908 306 3981 aliique
327 3911 544 3972 desiderabant.
570 3917 600 3971 et
619 3913 645 3970 si
664 3911 739 3971 adeo
759 3909 829 3969 addi
853 3913 957 3985 copula
981 3913 1078 3985 aliquo
1104 3913 1189 3973 modo
1213 3921 1323 3988 posset,

198 4002 244 4059 vel
269 4004 311 4062 sic
331 4005 447 4064 tandem
468 4005 620 4065 dicendum
641 4011 720 4065 esset
738 4006 822 4063 nimis
840 4007 1029 4079 praecipitem
1043 4012 1158 4080 poetam
1173 4009 1323 4068 transiisse

199 4093 236 4152 ad
257 4095 376 4155 dearum
401 4097 604 4171 promissiones
630 4104 660 4156 et
684 4097 837 4158 illecebras
863 4098 966 4170 quibus
992 4098 1048 4157 sibi
1073 4115 1204 4171 quaeque
1223 4099 1322 4158 Parim

208 4182 216 4195 '
248 4189 273 4229 E.
288 4190 371 4238 Abel,
389 4189 513 4232 Celinibus.
1099 4195 1116 4242 5
