3210 4836
671 463 884 533 -7-,

202 646 350 731 ingerunt
371 647 456 712 enim
480 646 616 712 Bekkori
638 646 803 712 oculorum
824 645 926 711 aciem
947 682 989 694 -
1016 645 1140 729 primus
1160 645 1332 712 inseruisse

6 829 12 859 y,
62 803 65 808 -
202 757 352 823 traditur.
365 792 407 807 -
417 756 590 837 Schaoferi‚
608 756 723 822 Iuliani
737 755 904 822 et-Lehrsii
917 754 1073 822 editiones
1088 756 1122 820 in
1134 756 1218 823 notis
1234 775 1332 840 saepe

208 868 294 933 »roll
317 873 391 951 post
404 866 543 932 Bekker.
559 867 652 933 edd«
677 866 728 932 vel
742 871 919 951 praeeunte
933 865 1072 933 Bekkeri
1086 854 1222 932 nomine'
1243 865 1332 932 »roll

204 978 296 1044 edd«
323 978 459 1061 signavi3
490 977 613 1043 numeri
634 977 668 1042 in
689 982 797 1043 textus
818 977 963 1060 margine
984 977 1074 1042 uncis
1094 976 1252 1060 angulatis
1273 977 1334 1043 oir-

204 1089 389 1171 cumscripti
404 1094 478 1154 sunt
491 1087 683 1154 Bekksriani
699 1093 732 1155 ct
745 1087 912 1153 Lehrsiani
927 1089 989 1170 (pr.
1006 1087 1105 1171 edit),
1125 1086 1215 1153 uncis
1228 1088 1333 1154 curvis
1384 1096 1390 1100 ’

202 1198 395 1265 circumdati
416 1202 524 1264 autem
540 1197 715 1265 editionum
732 1202 807 1263 ante
821 1197 1010 1278 Bellorum,
1034 1217 1169 1282 qnorum
1183 1216 1332 1271 numeros

200 1309 334 1375 retinuit
355 1308 466 1375 Iulicn.
1329 1396 1333 1404 .
1354 1293 1358 1300 ¹

277 1419 356 1483 Post
369 1418 495 1484 Lehrsii
511 1417 684 1485 editionem
699 1438 781 1503 quae
796 1423 957 1503 apparatu
965 1402 1082 1484 'cunco
1098 1418 1228 1485 omnino
1243 1423 1333 1487 caret

201 1529 290 1595 nulla
312 1528 377 1594 alia
398 1528 442 1594 ad
463 1529 547 1594 huno
569 1550 669 1614 usquo
691 1528 776 1595 diem
797 1528 884 1594 foras
907 1528 985 1594 data
1007 1532 1071 1609 est;
1093 1548 1198 1611 neque
1219 1532 1328 1595 tamen

202 1637 385 1704 (lolluthum
408 1637 614 1723 neglexerunt
635 1638 695 1703 viri
717 1638 813 1704 docti.
866 1637 1023 1702 Ricardus
1045 1617 1227 1705 Volkmann
1248 1656 1326 1705 sane

205 1768 289 1831 quae
312 1749 442 1814 assidua
464 1749 600 1815 lectione
620 1750 654 1814 in
676 1759 786 1817 nostro
806 1749 946 1814 carmine
961 1748 1083 1815 lacunis
1097 1749 1236 1816 maxime
1250 1748 1332 1816 indi-

203 1858 314 1924 candis
336 1859 477 1925 correxit
498 1859 600 1926 noluit
621 1859 740 1943 publici
759 1860 838 1925 iuris
858 1859 972 1940 facere,
995 1859 1254 1942 camarlancus,
1277 1859 1334 1929 do·

202 1974 290 2035 ctum
314 1989 385 2035 esso
404 1971 552 2036 iuvenem
568 1970 657 2037 cuius
676 1970 753 2037 olim
769 1970 988 2036 familiaritate
1002 1969 1174 2053 gaudebat,
1197 1970 1333 2037 eandem

200 2078 267 2145 fere
293 2081 464 2146 materiam
490 2101 592 2164 prope
620 2080 706 2147 diem
732 2085 946 2148 tractaturum
974 2083 1016 2165 (v.
1040 2080 1332 2148 commentationes

200 2189 331 2275 Epicaa
347 2191 475 2273 Lipsiae
499 2194 582 2258 1854
597 2211 629 2274 p.
646 2191 698 2275 V),
722 2192 780 2258 scd
800 2192 906 2258 minus
920 2212 1017 2276 qnam
1031 2192 1213 2258 Volkmann
1227 2191 1330 2272 veriti,

201 2292 252 2368 ne'
263 2301 377 2368 alienis
393 2301 509 2367 studiis
525 2307 736 2385 praepostera
752 2323 828 2368 cura
849 2302 994 2369 officiant
1011 2301 1185 2387 plurimum
1200 2301 1244 2366 ad
1259 2300 1334 2367 (lol-

202 2411 327 2477 luthum
343 2411 578 2478 emendandum
593 2411 797 2478 contulerint
807 2412 868 2477 viri
882 2412 1081 2495 sagacissimi
1093 2412 1131 2477 0.
1145 2410 1330 2491 Schneider,

201 2521 258 2607 qui
273 2522 307 2588 in
332 2521 572 2588 »Coniectaneis
594 2522 638 2587 ad
659 2520 859 2588 corinthum«
886 2522 1333 2607 (Phss01.23p.404-447-

200 2630 355 2717 plurimos
366 2631 468 2697 nostri
490 2631 576 2697 locos
598 2631 784 2714 saepissime
805 2632 931 2716 egregie
946 2634 1087 2700 correxit
1108 2638 1141 2700 ct
1155 2632 1217 2699 Ed.
1232 2635 1331 2702 Tour-

200 2743 270 2809 nier
291 2742 347 2829 qui
367 2743 402 2808 in
422 2742 532 2809 libello
546 2742 679 2809 Parisiis
694 2763 725 2809 a.
743 2744 827 2809 1870
841 2742 929 2809 edito
944 2742 1079 2828 (rNotes
1095 2744 1256 2827 critiques
1278 2763 1333 2810 sur
1474 2742 1477 2747 ⁴

206 2851 419 2937 (lolluthns,‹)
448 2851 600 2919 nonnulla
620 2857 729 2918 textus
754 2852 833 2918 vitia
857 2853 923 2919 iam
948 2852 990 2918 ab
1016 2852 1088 2918 aliis
1110 2852 1334 2919 animadversa

201 2983 285 3030 nova
298 2963 352 3029 ria
366 2963 537 3030 emendare
554 2963 685 3040 studuit,
701 2962 767 3029 alia
780 2963 905 3047 primus
919 2961 1079 3031 detexisse
1094 2961 1157 3028 sibi
1169 2963 1257 3029 usus
1271 2969 1329 3044 cot,

200 3071 236 3138 in
253 3071 310 3138 illo
332 3092 430 3156 quam
452 3075 485 3139 in
508 3075 569 3140 hoc
591 3074 723 3155 felicior,
746 3078 783 3140 ut
804 3077 893 3140 recte
913 3073 1066 3140 indicarit
1086 3073 1127 3141 0.
1141 3072 1173 3140 S.
1189 3073 1333 3159 (Schnei-

202 3182 274 3266 der)
303 3184 358 3266 qui
381 3183 476 3249 huius
507 3183 607 3251 libelli
632 3205 801 3252 censuram
823 3185 888 3269 ogit
914 3185 947 3250 in
977 3182 1249 3268 ›Philologischer
1268 3183 1332 3251 An·

201 3295 324 3378 seiger«
350 3294 386 3360 lI
407 3295 498 3375 1870,
520 3314 553 3378 p.
571 3298 750 3363 194-198.
784 3296 958 3363 Praeterea
979 3294 1134 3362 nonnulla
1155 3294 1334 3379 attigerunt

201 3403 352 3471 Ludwioh
373 3410 405 3471 et
428 3404 549 3471 Tiedko
569 3405 603 3470 in
624 3404 945 3473 commentationibus
958 3424 1038 3491 quas
1054 3403 1097 3471 de
1112 3409 1183 3471 arte
1198 3404 1333 3473 metrica

201 3513 308 3583 Nonni
329 3515 462 3600 simque
484 3520 680 3582 sectatomm
708 3515 887 3583 ediderunt
911 3555 946 3566 -
972 3515 1095 3582 Horum
1124 3513 1266 3582 omnium
1286 3513 1334 3581 la·

202 3625 298 3693 bores
310 3624 460 3692 indicatis
476 3626 573 3692 ctiam
585 3626 631 3693 eis
643 3624 750 3691 Nonni
761 3625 841 3693 locis
854 3646 876 3691 a
887 3625 1037 3693 collutho
1047 3624 1182 3692 imitatis
1197 3646 1333 3714 qnorum

202 3735 319 3803 notitia
348 3737 391 3803 ad
418 3757 488 3804 rem
507 3737 652 3804 criticam
673 3735 780 3804 iacere
802 3735 986 3816 videbatur,
1013 3736 1046 3802 in
1071 3735 1133 3803 hac
1160 3737 1335 3805 novissima

203 3844 344 3913 editione
365 3845 426 3913 snb
448 3868 583 3914 examen
603 3852 736 3914 vocatos
749 3846 923 3914 lectoribus
942 3867 983 3914 ea
998 3847 1039 3915 de
1052 3867 1152 3914 cansa
1166 3847 1332 3933 proposui,

204 3976 245 4023 no
267 3974 384 4022 causae
406 3977 633 4042 nonnunquam
655 3957 884 4025 subtilissimae
900 3958 1016 4044 quibus
1037 3957 1189 4024 inductus
1209 3956 1335 4025 codic

204 4070 322 4151 poetae
342 4063 440 4132 verba
453 4066 536 4134 alios
550 4072 678 4136 secutus
692 4069 830 4150 munci,
859 4068 993 4145 lateant,
1014 4088 1075 4154 ego
1089 4074 1199 4136 antem
1214 4068 1333 4134 mmiae

205 4176 399 4244 maritatis
420 4175 549 4261 culpam
570 4178 733 4247 mcumere
754 4179 878 4248 credar.
