3210 4836
655 407 864 468 ...41-

198 594 311 648 scatere
330 596 480 662 reputans,
502 607 520 649 a
541 606 586 649 me
607 592 763 663 impetrare
783 609 841 652 non
860 593 951 665 potui,
973 598 1006 651 ut
1022 610 1117 666 neque
1130 596 1258 669 ineptam
1272 611 1321 654 ne

196 698 254 755 que
274 681 419 761 difficilem
436 684 579 757 Leunepii
599 685 795 743 coniecturam
815 703 871 744 non
892 687 947 744 nisi
960 691 1081 760 propter
1093 688 1127 746 Μ
1139 687 1206 746 libri
1220 688 1320 749 sordes
1394 710 1397 716 ·

196 778 364 849 spreverim.
402 779 471 836 »Vir
486 779 591 838 doetus
612 778 649 837 ad
663 779 729 837 Aid.
743 779 799 838 Ed.
821 780 1025 838 emendaverat
1044 775 1189 857 ἐδράξατο
1208 778 1320 857 πέτρην,

195 869 307 955 absque
327 872 503 930 necessitate
524 872 585 930 ulle
605 889 661 931 uon
681 876 802 944 tantum,
822 872 980 930 sedetiam
1001 877 1101 931 eontra
1118 878 1223 946 poetae
1243 890 1321 932 men-

194 969 264 1035 tem,
284 964 334 1035 qui
353 964 482 1022 insimili
501 980 534 1022 re
554 969 600 1022 ter
618 965 765 1023 minimum
784 963 902 1022 verbum
923 963 1094 1040 ἐφράσσατο
1108 967 1263 1025 inculcavit
1286 973 1318 1024 ut
1412 1032 1414 1036 ,

196 1072 222 1113 v.
238 1062 273 1115 56
294 1062 414 1130 516οι,
440 1058 546 1116 Lenn.
571 1090 603 1098 -
626 1058 767 1116 Tonrnier
787 1075 815 1130 p.
835 1064 870 1116 12
895 1064 962 1130 post
981 1059 1062 1116 varia
1081 1061 1240 1118 tentamina
1261 1053 1320 1130 (od-
1379 1106 1384 1125 ,

198 1146 234 1205 λα’
246 1169 287 1222 τε,
308 1145 404 1222 οὖλον)
425 1168 478 1224 pro
492 1147 562 1208 οὐδέ
573 1170 607 1207 τε
621 1152 667 1208 vel
681 1147 742 1206 οὐδ’
759 1170 788 1222 α,
809 1151 839 1207 in
858 1145 927 1230 οὔλη
947 1151 985 1208 ad
1002 1150 1081 1230 χειρὶ
1099 1151 1253 1211 referendo
1273 1167 1320 1210 ac·

197 1243 314 1314 quievit,
337 1244 413 1315 quod
432 1245 502 1302 mibi
522 1246 626 1302 iterum
645 1248 766 1317 propter
779 1245 923 1317 ingratam
936 1244 1088 1304 verborum
1101 1246 1319 1306 collocationem

196 1352 253 1396 non
272 1338 377 1410 placet
407 1337 567 1397 Praeterea
579 1338 723 1397 Toumier
743 1355 771 1410 p.
789 1346 823 1398 13
844 1356 897 1411 pro
917 1338 1020 1414 πέτρην
1033 1344 1114 1397 reete
1133 1339 1220 1397 scribi
1238 1338 1320 1396 iubet

197 1427 297 1506 πέτρη,
324 1446 381 1502 (μαι
405 1433 564 1491 mutatione
589 1430 745 1503 significari
773 1433 834 1490 vult
859 1431 968 1490 frustra
994 1431 1152 1491 inferorum
1172 1437 1202 1490 et
1221 1438 1319 1491 terrae

197 1524 333 1581 auxilium
360 1523 396 1582 ab
421 1525 511 1583 Eride
541 1526 702 1584 invocatum
732 1541 810 1596 esse3
841 1524 914 1583 conf.
940 1525 1024 1584 Hom.
1048 1524 1143 1596 hymn.
1170 1526 1199 1581 in
1223 1525 1317 1596 Apoll.

196 1617 279 1689 Pyth.
301 1624 364 1675 155.
393 1625 455 1677 162.
484 1625 546 1678 163.
570 1616 648 1697 χειρὶ
673 1619 852 1695 καταπρηνεῖ
873 1614 900 1673 δ’
930 1612 1018 1674 ἔλασε
1040 1615 1138 1695 χδόνα
1163 1614 1211 1673 καὶ
1242 1614 1319 1693 φάτο

193 1707 287 1784 μῦθον
301 1751 418 1769 ......
444 1705 495 1775 Ὣς
514 1707 573 1784 ἄρα
592 1707 747 1788 φωνησασ)
773 1709 857 1785 ἵμασε
875 1709 973 1787 χθόνα
990 1709 1069 1788 χειρὶ
1088 1709 1190 1789 παχείη
1212 1706 1318 1786 Κινηδη

197 1798 225 1859 d'
242 1801 300 1879 αηόα
314 1806 379 1877 pata
392 1802 565 1880 φερέσβιος·
586 1801 644 1882 ἡδ’
668 1800 807 1861 ἐσιδοῦσα
831 1801 953 1878 Τέρπετο
973 1801 1005 1860 δν
1026 1802 1102 1860 κάτα
1123 1801 1221 1878 δομδν,
1242 1800 1318 1859 bieco

197 1894 252 1973 ηδρ
273 1895 432 1954 τελέεσθαι.
451 1931 482 1937 --
505 1897 562 1956 Pro
582 1894 651 1953 οὐδέ
665 1916 696 1953 τε
716 1898 783 1956 olim
803 1894 900 1973 ηδάδα
920 1897 1036 1955 conieci.
1060 1930 1094 1938 κ
1115 1915 1140 1954 v.
1156 1895 1197 1954 49
1219 1898 1268 1968 qui
1288 1897 1318 1953 in

197 1991 257 2049 solo
275 1991 308 2047 M
326 1998 458 2063 apparet,
477 1991 545 2050 libri
565 1991 724 2051 deteriores
746 1997 775 2049 51
795 1991 938 2050 editiones
959 1997 1027 2049 ante
1046 1990 1211 2049 Bekkerum
1233 1992 1316 2050 omit-

198 2091 271 2156 tunt,
285 2086 460 2158 transposito
473 2087 502 2142 in
514 2087 575 2144 eius
585 2086 679 2144 locum
689 2101 775 2143 versu
786 2092 879 2147 52.—
889 2078 978 2161 ἤθελε
987 2082 1011 2140 δ’
1022 2099 1074 2156 pro
1085 2077 1189 2161 ἤθελεν
1200 2083 1317 2143 Schnei-

196 2178 249 2236 der
268 2179 390 2238 conieoit
408 2179 426 2235 1.
446 2179 464 2235 l.
484 2180 547 2238 sine
566 2195 668 2251 causa,
690 2196 755 2238 oum
776 2180 862 2237 etiam
883 2178 1056 2236 intranti
1080 2177 1183 2250 copula
1207 2177 1316 2250 optimo

195 2270 269 2332 libro
288 2271 405 2331 iubente
426 2273 585 2331 omittenda
606 2279 678 2331 erat.
709 2271 827 2349 κληῖδας
847 2271 948 2329 ἀνεισο
965 2272 1013 2342 Μ,
1037 2270 1113 2342 qnod
1133 2270 1222 2327 tacite
1242 2285 1317 2327 corr.

196 2364 328 2438 Bekker;
348 2398 385 2408 —
411 2364 455 2424 50
478 2365 633 2424 »Defectus
654 2366 776 2440 copulae
795 2367 909 2439 impulit
928 2381 987 2434 me,
1014 2371 1047 2423 ut
1070 2363 1252 2422 scribendum
1272 2378 1318 2421 su-

196 2459 292 2532 spicer
304 2457 353 2515 καὶ
369 2458 514 2537 χθονίωνι
536 2460 701 2532 Lennep,
723 2461 804 2517 cuius
826 2460 1005 2518 correctione
1026 2475 1082 2517 non
1103 2458 1224 2531 amplius
1244 2473 1317 2530 opus

195 2552 330 2610 restituto
351 2568 386 2610 ex
399 2553 431 2610 M
444 2552 517 2612 libro
537 2553 609 2612 loco.
630 2550 745 2626 τιτηνας
760 2553 846 2625 MW,
867 2550 985 2629 τιθήνας
999 2552 1054 2624 SV,
1075 2558 1105 2610 et
1125 2549 1145 2609 δ
1165 2556 1211 2609 est
1230 2543 1317 2609 etiam

195 2646 225 2703 in
238 2646 366 2718 margine
380 2647 418 2703 W
431 2645 506 2703 libri.
534 2643 691 2721 βαρέδριον
706 2646 789 2717 GW3
804 2678 841 2689 -—
863 2644 900 2704 51
918 2643 1106 2722 νψιμέδσντος
1120 2643 1262 2702 άῖστωσαι
1274 2643 1316 2716 Μ,

196 2737 238 2813 dn
250 2741 371 2797 ἑστῶσαι
391 2741 430 2810 Α;
456 2733 541 2815 ἕδρην
560 2739 699 2811 MAGL3
722 2768 753 2780 ψ
784 2740 957 2798 Versum‘bn
978 2738 1032 2798 hoc
1052 2754 1165 2811 quoque
1184 2739 1247 2797 loco
1267 2739 1317 2796 ba·

196 2832 267 2891 bent
284 2833 385 2892 LRW
405 2834 446 2903 (in
467 2833 548 2891 cuius
569 2834 700 2906 margine
720 2840 788 2891 ante
802 2851 844 2891 vv.
861 2841 897 2891 49
913 2839 943 2891 et
958 2840 992 2890 51
1008 2833 1190 2905 corruptelae
1204 2833 1317 2904 signum

196 2931 257 2995 est,
282 2931 312 2984 51
329 2927 426 2984 versui
441 2934 478 2985 51
500 2926 536 2984 ab
557 2928 651 2983 altera
673 2942 759 2983 manu
779 2925 824 2991 δίς
844 2926 1034 2998 adscriptum)
1059 2932 1090 2984 et
1109 2925 1210 2984 babuit
1229 2926 1317 2984 etiam

195 3023 231 3093 A,
251 3022 280 3078 in
301 3038 356 3092 quo
382 3029 478 3081 tamen
504 3027 608 3094 postea
629 3038 729 3080 erasus
751 3026 804 3080 est.
845 3021 989 3080 Omittunt
1007 3019 1069 3077 rell.
1090 3017 1174 3077 codd.
1195 3018 1266 3076 dett.
1288 3026 1317 3078 51

199 3113 267 3172 566.
290 3120 358 3173 5515
377 3114 503 3173 Bekker.
533 3117 609 3174 Auto
628 3116 704 3174 hunc
723 3131 835 3174 versum
856 3116 977 3173 lacunae
996 3114 1080 3186 signa
1098 3113 1182 3187 posui
1201 3112 1318 3173 Schnei-

196 3208 266 3267 dero
286 3209 451 3279 obsecutus,
473 3210 522 3281 qui
541 3228 568 3283 p.
584 3219 638 3269 411
662 3216 742 3269 recte
761 3211 871 3269 monuit
886 3214 969 3282 apost
982 3225 1007 3266 v.
1024 3215 1058 3266 51
1074 3207 1216 3265 excidisse
1230 3222 1317 3278 quae·

196 3301 378 3374 damonibus
394 3303 600 3376 exponebatur,
621 3319 672 3361 cur
686 3303 765 3361 istud
779 3303 927 3362 consilium
943 3306 1074 3360 eventum
1088 3316 1144 3358 non
1158 3299 1314 3358 habuisset.

196 3396 271 3467 quod
298 3403 330 3455 ut
356 3398 496 3456 insimili
522 3413 610 3456 causa
635 3397 765 3455 additum
791 3401 836 3455 est
861 3413 887 3453 v.
903 3404 938 3456 53
961 3402 991 3454 et
1010 3412 1036 3453 v.
1052 3395 1103 3465 51,
1129 3393 1172 3451 115
1190 3407 1245 3450 nco
1268 3391 1315 3450 bic

195 3489 288 3548 omitti
307 3492 430 3563 potuit«.
447 3524 479 3532 --
502 3489 544 3549 52
564 3489 666 3569 ηδελεν
680 3488 797 3569 ἦχιεντα
809 3491 851 3562 Μ,
871 3484 960 3567 ἤθελε
972 3486 1003 3546 δ’
1016 3484 1140 3566 ἠχήεντα
1153 3486 1216 3544 rell.
1231 3484 1314 3545 codd.

195 3587 226 3640 et
239 3581 313 3652 edd,
336 3585 468 3657 copulam
483 3600 536 3656 ego
551 3584 633 3643 omisi
648 3599 712 3640 cum
723 3583 761 3640 Μ.
785 3616 810 3623 -
829 3583 969 3660 πριστῆρα
981 3581 1024 3654 Μ,
1044 3580 1211 3656 παρηστῆρα
1226 3578 1265 3650 G;
1276 3612 1314 3622 -·

195 3673 235 3732 63
255 3673 389 3752 ηφαίστω
409 3677 450 3749 Μ,
471 3674 520 3755 ηφ.
541 3678 611 3749 AQ3
641 3674 770 3733 ὑποεικεν
790 3676 838 3747 Μ;
869 3673 1063 3751 ἀμαιμακέτην
1083 3674 1135 3746 Μξ
1157 3670 1314 3749 ἀτυζομένη

197 3768 259 3826 rell.
280 3769 363 3828 codd.
379 3774 409 3828 et
423 3770 488 3829 edd.
504 3775 572 3828 ante
592 3769 753 3840 Lehrsium,
774 3769 823 3839 qui
843 3765 1023 3845 ἀμαιμακέτη
1042 3768 1155 3840 recepit
1173 3765 1314 3839 probante

195 3862 282 3920 etiam
292 3863 450 3923 Tournerio
462 3882 489 3938 p.
504 3873 547 3924 13.
563 3898 594 3906 -
613 3864 774 3922 »Relictam
787 3869 949 3921 ceterorum
963 3863 1116 3921 lectionem
1129 3866 1228 3918 tuetur
1241 3859 1313 3932 Try·

195 3954 351 4027 phiodorus
382 3974 406 4015 v.
428 3966 482 4017 685
509 3956 654 4035 Ἡφαίστῳ
681 3953 707 4014 δ’
736 3954 866 4014 ὑπόεικεν
896 3953 1071 4032 ἀτυζόμενος
1096 3951 1187 4032 χόλον
1209 3947 1311 4029 Ἥρηςι

193 4048 347 4107 Bekker.
379 4049 430 4109 sed
450 4056 530 4109 recte
550 4057 650 4110 eontra
663 4051 761 4109 Herm.
775 4068 803 4123 p.
821 4059 853 4109 11
879 4051 925 4109 sid
943 4066 999 4121 quo
1013 4053 1099 4122 paeto
1114 4045 1313 4105 defendendae

194 4140 272 4212 apud
287 4140 440 4199 colutbum
459 4143 594 4215 vulgatae
614 4140 770 4219 ἀτυζομένη
791 4139 923 4200 adbiberi
944 4142 1047 4214 possit,
1066 4157 1122 4199 non
1143 4139 1236 4210 video,
1256 4139 1312 4196 nisi
