3208 4848
647 399 856 460 ...75-

192 585 316 656 laverit,
341 590 374 641 ut
392 588 515 656 poneret
534 598 632 641 vocem
654 597 727 653 quae
747 587 882 640 accurate
902 582 1008 640 nomini
1028 579 1100 658 τομή
1124 582 1314 654 responderet

194 677 320 748 itemque
341 676 482 734 actionem
504 673 689 747 significaret,
711 690 812 732 vereor
831 690 868 731 ne
889 690 953 731 curn
974 672 1088 733 Graefio
1109 674 1260 733 dicendum
1275 675 1313 732 sit

193 770 421 829 emendationem
432 771 526 829 locum
536 785 685 842 respuere.
700 775 730 826 11
743 769 839 840 potnit
853 772 941 839 poeta
952 769 1173 825 instrumentum
1187 766 1311 825 ferreum

195 864 341 922 nominare
361 863 437 934 quod
457 864 487 919 in
508 878 571 920 earn
591 878 652 919 rem
673 878 755 918 usum
768 861 876 919 habeat
889 877 998 933 suaque
1012 860 1220 932 significatione
1235 861 1311 918 ultro

195 956 336 1014 actionem
361 955 470 1016 indicet
495 955 608 1027 qualem
633 953 680 1011 hic
705 960 897 1026 expectamus.
933 970 990 1025 qua
1015 953 1138 1025 probata
1169 953 1314 1010 sententia

193 1049 292 1120 plures
311 1047 386 1106 adeo
407 1053 509 1119 patent
529 1046 701 1104 emendandi
723 1048 795 1118 viae,
817 1045 869 1105 sed
889 1047 968 1103 nulla
981 1044 1093 1104 facilior
1107 1051 1138 1104 et
1151 1047 1314 1119 expeditior

195 1157 280 1212 quam
305 1146 338 1197 11
363 1140 506 1197 scribatur
530 1137 605 1195 ἀλλὰ
634 1138 760 1216 σιδηρείη
786 1157 821 1195 σε
846 1135 917 1215 τομή
942 1137 991 1194 καλ
1011 1137 1094 1215 ῥῖνα
1120 1136 1238 1214 σιδήρου
1264 1158 1316 1194 πα-

193 1230 296 1310 τρῴων
313 1230 471 1310 ἀλόχευτον
485 1229 737 1308 ἀπεβλάστησε
749 1227 880 1306 καρήνων
895 1234 972 1300 (nam
986 1229 1196 1309 ἀνεβλάστησε
1212 1232 1313 1302 utique

194 1326 393 1399 corrigendum
407 1324 484 1395 fuit).
514 1325 541 1383 Ε
556 1326 580 1382 si
594 1332 690 1382 autern
705 1325 787 1381 lima
801 1325 906 1381 Atticis
921 1331 966 1381 est
975 1321 1069 1400 ῥίνη,
1089 1330 1203 1383 constat
1219 1330 1314 1381 tamen

195 1418 338 1477 Moeridis
360 1418 523 1476 testimonio
545 1414 720 1492 111111ῥῖνα
745 1417 773 1472 11
799 1433 852 1473 usu
877 1414 979 1487 luisse,
1005 1423 1038 1473 ut
1061 1417 1173 1474 variant
1197 1418 1261 1472 πῖνα
1286 1424 1316 1474 11

194 1509 262 1587 πίνη,
284 1510 346 1567 δῖνα
368 1515 397 1568 11
417 1507 485 1586 δίνη,
508 1508 591 1566 θοίνα
611 1515 641 1566 11
661 1507 755 1585 ύοίνη,
777 1512 856 1565 πεῖνα
877 1515 907 1565 11
925 1506 1010 1584 πείνη,
1030 1504 1140 1584 πρύμνα
1160 1515 1190 1566 11
1208 1504 1315 1584 πρύμνη

195 1605 261 1661 alia.
294 1602 352 1662 011.
373 1602 492 1661 Lobeck
511 1601 549 1660 ad
569 1601 674 1674 Phryn.
695 1618 723 1673 p.
738 1608 804 1672 331,
825 1602 891 1672 eet,
911 1607 966 1658 499
989 1606 1018 1657 et
1030 1599 1166 1657 Meineke
1186 1600 1313 1658 Exercit.

194 1697 293 1767 philol.
314 1697 344 1752 in
363 1695 495 1753 Athenl
513 1711 541 1766 p.
557 1701 593 1753 28
615 1700 644 1751 et
664 1694 692 1751 ΙΙ
711 1711 739 1765 p.
754 1699 801 1750 41.
842 1691 899 1750 Gur
919 1688 1122 1767 ἀπεβλάστησε
1141 1693 1314 1764 praetulerit

196 1788 363 1859 Schneider,
383 1805 439 1846 non
460 1787 558 1857 video;
579 1787 615 1844 de
637 1787 787 1844 transitivo
808 1785 887 1842 verbi
908 1781 1097 1859 ἀναβλαστέω
1119 1786 1227 1857 [potins
1248 1783 1314 1840 ἀνα-

192 1878 364 1952 βλαστάνω]
384 1897 437 1937 usu
459 1878 589 1939 Graefius
609 1896 637 1951 p.
653 1880 707 1936 247
728 1875 851 1936 conferri
871 1877 952 1934 iubet
971 1878 1145 1950 interpretes
1168 1877 1205 1934 ad
1227 1878 1313 1950 Soph.

194 1974 334 2032 1111140.
355 2004 392 2014 -
413 1971 469 2029 183
489 1971 640 2047 πατρωΐων
660 1969 910 2040 AGLNPQSW
930 1973 1040 2040 (omnes
1061 1970 1132 2028 dett.
1147 1978 1180 2028 ut
1193 1970 1262 2041 vid.)
1285 1978 1315 2028 et

195 2065 259 2123 edd.
278 2073 344 2123 ante
359 2065 544 2138 Stephanum,
564 2066 619 2122 nisi
634 2064 711 2136 quod
730 2059 871 2139 πατρώϊον
885 2084 911 2120 a.
929 2095 959 2102 -
983 2060 1139 2140 ἀνόχευτον
1154 2065 1187 2133 G,
1210 2060 1314 2142 ἀλύχη·

195 2178 243 2215 τον
258 2159 296 2230 Q?
309 2190 346 2200 -
367 2157 425 2216 184
445 2161 492 2214 οἷα
504 2158 550 2230 Μ;
568 2157 713 2235 χαλκίοισι
728 2159 766 2229 Q3
786 2155 969 2232 καλυψαμενη
987 2174 1076 2233 χρεια
1095 2157 1210 2222 πεπλοις
1223 2158 1263 2214 Μ.
1278 2189 1310 2198 -

196 2282 252 2342 185
273 2281 390 2360 φεύχοις
402 2285 569 2357 Annon,
590 2281 680 2360 ἄρεος
692 2285 734 2354 Μ,
749 2246 847 2358 ἄρειύς
861 2285 899 2355 Q;
919 2302 991 2358 ερχα
1004 2284 1051 2355 Μ;
1067 2317 1098 2324 -
1116 2281 1175 2341 186
1195 2284 1314 2357 Lennep

195 2384 309 2435 secutus
331 2377 367 2435 ab
388 2378 521 2436 Harlesio
542 2375 678 2454 ἁρμονίης
698 2373 730 2434 δ’
750 2374 909 2443 ἀδίδακτος
928 2381 1065 2453 scriptum
1093 2395 1157 2436 esse
1178 2379 1264 2436 etiarn
1285 2379 1314 2435 in

195 2470 281 2542 Pov
301 2469 374 2530 falso
394 2479 499 2543 putans
520 2474 598 2540 (nam
623 2473 761 2529 omittunt
785 2473 956 2544 particulam
977 2472 1059 2532 codd.
1080 2489 1178 2531 ornnes
1199 2478 1228 2530 et
1248 2472 1313 2529 edd.

194 2569 261 2620 ante
283 2563 472 2635 Stephanum)
498 2571 564 2636 post
588 2561 706 2629 διώκεις
726 2581 751 2622 1.
775 2573 827 2623 185
849 2566 1047 2638 interrogandi
1072 2569 1183 2638 signum
1209 2565 1313 2638 posuit,

175 2667 180 2675 ’
193 2662 260 2727 post
283 2651 418 2733 ἀδαήμων
444 2674 469 2714 1.
491 2664 546 2715 186
572 2665 708 2730 punctum
735 2659 906 2725 sustulitct
930 2676 973 2716 11.
997 2666 1058 2717 186.
1087 2663 1140 2718 187
1168 2659 1313 2718 coniunxit

195 2748 278 2806 simul
293 2747 438 2825 Ἁρμονίης
457 2753 488 2807 11
502 2747 717 2826 ’θμοφροσύνης
740 2757 885 2823 tamquam
910 2753 1028 2825 propria
1054 2753 1171 2810 dearum
1197 2754 1312 2810 nomina

195 2841 385 2913 imprimenda
404 2858 521 2913 cnranS,
543 2848 573 2900 et
591 2860 617 2900 1.
635 2845 687 2902 187
708 2861 761 2916 pro
778 2841 890 2922 Ἀθῆναι
909 2841 1016 2901 ἐκεῖναι
1036 2846 1179 2904 coniciens
1200 2845 1237 2903 ad
1253 2843 1315 2919 ‘Ap-

191 2932 289 3009 μονίην
309 2941 339 2992 11
353 2932 566 3012 Ὃμοφροσύνην
587 2935 779 2994 referendum.
810 2938 914 2995 Fusius
935 2936 1041 2995 refellit
1055 2940 1127 2996 haec
1142 2939 1242 3010 Iulien,
1266 2941 1314 3011 qui

197 3027 911 3103 1111111111111111111111111111111
931 3032 1038 3103 attulit,
1059 3032 1134 3102 quod
1154 3048 1211 3090 non
1231 3033 1315 3090 licuit

195 3118 304 3177 Veneri
329 3120 450 3178 victoria
475 3121 629 3178 exsultanti
654 3128 684 3179 et
707 3123 737 3178 in
757 3122 918 3180 Minervam
944 3124 1067 3196 superbe
1092 3124 1238 3182 invehenti
1263 3127 1314 3183 inr-

194 3211 315 3270 beoillas
334 3228 438 3270 vocare
458 3212 643 3271 Harmoniam
664 3221 694 3272 et
715 3214 911 3288 Concordiam,
937 3233 1008 3287 quas
1034 3217 1116 3274 nihili
1142 3216 1239 3276 iacere
1259 3218 1315 3276 Mi·

192 3320 297 3363 nervae
312 3305 470 3377 opprobrio
490 3305 587 3364 111111.
602 3338 638 3346 m
659 3306 794 3384 αρμονίης
807 3308 850 3377 Μ,
870 3304 936 3385 dep.
952 3310 982 3369 G.
1004 3309 1113 3374 δακτος
1129 3341 1162 3351 ·-
1178 3306 1313 3385 ἀδαήμων

193 3396 259 3455 add.
280 3398 349 3457 Me
374 3400 404 3455 in
424 3398 471 3469 M3
496 3430 533 3440 -
559 3396 615 3457 187
637 3395 666 3454 δ’
691 3399 848 3458 Schneider
874 3419 910 3460 111
934 3403 1112 3473 coniectura,
1138 3417 1222 3474 qnam
1248 3403 1314 3462 vide

196 3506 294 3562 supra,
315 3490 442 3562 additia
463 3492 621 3564 11111111,
645 3509 709 3551 cum
729 3489 929 3569 ἀγνώσσεις
949 3492 1004 3551 δτι
1023 3490 1129 3570 Κύπρις
1149 3490 1315 3570 ἀπύσπορύς

192 3577 255 3638 ἐστι
275 3580 426 3660 θαλάσσης
446 3585 561 3656 legatur
581 3586 658 3658 apud
678 3587 829 3645 Musaeum
850 3604 875 3646 1.
896 3595 961 3647 249.
992 3606 1133 3664 αρωσεις
1151 3588 1198 3662 Μ,
1223 3584 1313 3664 ἀχνύ-

192 3692 254 3740 σεις
275 3676 316 3748 Q3
333 3675 441 3751 μάλλον
460 3673 715 3735 ἀναλκυδεσσεισιν
734 3680 780 3751 Μ;
801 3676 905 3756 ἀδήναι
924 3681 996 3754 MV,
1019 3682 1039 3740 S
1059 3683 1089 3738 in
1108 3698 1215 3755 marg.‚
1241 3683 1264 3740 P
1284 3684 1314 3741 in

191 3816 283 3873 marg.
298 3817 316 3859 a
329 3818 365 3858 m.
381 3810 417 3875 a,
439 3767 548 3881 ἀθήναί
555 3805 601 3874 W,
622 3801 711 3882 ἀδήνη
731 3805 807 3863 AOL
828 3806 887 3875 (hie
906 3823 969 3864 curn
990 3808 1088 3879 glossa
1108 3804 1132 3864 ὦ
1154 3810 1313 3868 vocativum

190 3891 375 3966 designante)
389 3895 447 3967 NQ
462 3901 492 3954 11
506 3896 555 3955 SP
575 3897 605 3954 in
624 3903 718 3969 textn3
739 3897 816 3955 idem
835 3897 943 3957 habent
964 3898 1028 3956 edd.
1050 3905 1117 3957 ante
1137 3900 1312 3976 Bellorum,

191 3990 222 4044 et
243 3987 330 4044 etiam
344 3986 379 4059 G,
402 3995 435 4045 nt
453 3988 575 4048 videtur.
615 3991 660 4049 De
677 3992 732 4050 hoe
752 4007 836 4048 versu
856 3992 898 4050 sic
916 3990 1047 4050 Graefius
1068 4009 1095 4065 p.
1111 3998 1180 4052 247:
1214 3996 1314 4067 »Quod

190 4078 259 4137 ollm
289 4079 431 4139 edebatur
446 4077 544 4158 Ἀθήνη
568 4099 662 4153 neque
686 4084 859 4143 nominativo
878 4100 972 4156 neque
997 4087 1128 4145 vocativo
1153 4089 1314 4147 sententiae
