3210 4836
757 410 973 475 ...32-

298 593 451 669 bergensis
474 595 506 654 iu
529 594 691 654 Annalibus
718 601 800 667 1824.
826 594 900 655 ΡΝ
924 613 952 669 p.
972 601 1094 668 solseq.
1134 596 1238 670 Neque
1258 598 1334 658 enim
1358 597 1430 659 dicit

296 694 394 763 poeta,
420 703 472 748 uus
492 686 563 748 deas
576 703 596 748 a
608 688 715 748 Paride
735 682 878 748 indicatae
899 689 932 761 (l)
951 689 1075 763 vidistis,
1095 689 1148 750 sed
1168 691 1282 752 uidistis
1303 692 1429 753 iudicem

297 780 396 840 Parim
421 787 452 840 et
476 781 624 840 victricem
649 781 819 841 Venerem«.
861 779 1012 842 consentit
1037 782 1170 844 Graefius
1195 802 1224 859 p.
1244 793 1300 845 242
1327 791 1426 846 »recte

296 874 404 950 Populi
412 891 494 936 meus
504 875 649 952 μολοῦσαι
662 882 842 936 constantem
856 876 997 936 librorum
1009 878 1165 938 lectionem
1178 876 1321 954 defendit,
1341 895 1429 952 quam

296 969 361 1029 sine
379 970 457 1031 omui
476 985 566 1030 eausa
589 969 719 1030 deseruit
738 969 906 1044 Bekkerus,
931 985 966 1029 su
991 971 1075 1044 peius
1100 970 1226 1046 iaciens,
1252 988 1310 1045 quo
1334 974 1431 1032 miuus

296 1064 527 1124 commemoratis
546 1081 591 1124 vv.
608 1070 652 1123 15.
669 1070 714 1123 16.
745 1064 871 1123 Paridi
885 1070 916 1125 et
928 1065 1038 1125 Veneri
1051 1066 1187 1126 convenit
1200 1070 1328 1125 accusat.
1342 1065 1431 1126 icem.

293 1152 455 1231 μολούσας,
481 1158 531 1230 qui
555 1173 592 1216 ne
617 1157 719 1216 addita
743 1158 861 1230 quidem
888 1159 1191 1232 postu1eluuonis
1217 1166 1248 1217 et
1273 1158 1427 1219 Minervae

297 1251 457 1321 mentione,
483 1256 604 1324 propter
628 1251 807 1323 praecedens
833 1257 864 1309 et
887 1251 1049 1324 proximum
1068 1252 1185 1311 Paridis
1211 1267 1330 1326 nomen,
1355 1253 1433 1311 satis

298 1350 385 1417 aptus
405 1344 517 1403 fuisset.
557 1345 660 1415 Neque
679 1360 748 1404 vero
768 1360 889 1404 necesse
909 1352 967 1419 est,
993 1345 1030 1404 de
1055 1346 1168 1405 omissis
1196 1344 1340 1406 eiusmodi
1365 1361 1434 1405 ver·

297 1439 377 1497 sibus
398 1440 537 1511 cogitare,
559 1438 628 1509 quia
647 1437 718 1497 satis
739 1447 811 1511 erat,
836 1438 962 1498 iudicem
982 1453 1222 1500 commemorasse
1241 1445 1272 1497 et
1292 1437 1332 1498 de
1351 1437 1434 1498 Dea

297 1532 352 1592 bus
372 1547 447 1606 eum,
467 1548 542 1605 quae
562 1532 688 1605 palmam
706 1539 919 1606 reportaverat.
949 1532 983 1591 Iu
1003 1530 1243 1593 antecedentibus
1266 1538 1373 1606 autern,
1393 1538 1431 1592 ut

295 1612 327 1684 in
357 1628 499 1686 communi
529 1627 686 1698 sententia,
715 1627 757 1685 ita
788 1627 929 1685 communi
955 1627 1043 1685 etiam
1068 1642 1175 1699 genere
1202 1625 1239 1685 de
1269 1621 1428 1691 ἀθανάτοις

299 1737 325 1778 1.
342 1726 376 1779 11
398 1736 454 1779 non
475 1717 650 1793 ἀθανάταις,
676 1727 755 1779 recte
775 1721 888 1780 locutus
910 1725 956 1780 est
974 1726 1070 1792 poeta,
1097 1726 1131 1778 ut
1148 1735 1246 1792 neque
1265 1720 1323 1778 huc
1341 1717 1429 1779 icem.
1484 1729 1486 1733 ’

295 1810 444 1889 μολούσας
478 1812 589 1872 referre
623 1815 738 1873 liceat«.
788 1814 899 1873 Similia
927 1815 1048 1887 protulit
1075 1814 1167 1872 Iulien
1198 1831 1226 1887 p.
1254 1813 1430 1890 51μσλοῢ-

298 1924 348 1963 σαι
366 1905 501 1980 probauit
519 1909 608 1968 etiam
627 1910 732 1969 Iuliani
753 1927 856 1972 censor
877 1911 1085 1983 Gottingensis.
1107 1911 1155 1981 (K.
1173 1910 1207 1970 Ο.
1222 1910 1375 1982 Μίλλλλθτλ)
1396 1912 1426 1969 in

298 2000 454 2072 thtmger
474 2000 612 2061 Gelehrte
632 2005 781 2076 Auzeigeu
802 2012 875 2064 1825
896 2022 925 2077 p.
946 2009 1168 2074 itte-1549).
1190 2035 1225 2046 -
1249 2003 1288 2062 14
1313 2004 1427 2080 ϊδαίηλσι

298 2091 422 2170 κάρηνον
441 2094 484 2168 Μ,
504 2101 537 2154 ut
557 2114 586 2152 σι
606 2097 644 2156 αδ
664 2096 787 2175 κάρηνον
813 2115 870 2157 uon
896 2098 935 2157 ad
959 2097 1033 2173 ιδαίη
1060 2098 1209 2170 pertinere
1234 2097 1426 2170 significatum

277 2185 389 2263 ·λδαίης
409 2186 533 2266 κάρηνον
553 2189 637 2250 codd.
657 2190 729 2249 dett.
750 2199 781 2250 et
801 2190 866 2250 edd.
888 2197 955 2250 ante
975 2189 1153 2264 Bekkerum,
1173 2191 1230 2249 nisi
1251 2193 1329 2263 quud
1348 2194 1379 2251 iu
1397 2191 1423 2252 L

297 2333 380 2393 euleu
394 2337 461 2406 post
474 2330 565 2412 λδαῖης
580 2339 633 2403 est,
649 2352 772 2411 καρηνον
788 2335 828 2406 V3
847 2334 874 2392 A
889 2296 1009 2412 alippiie
1022 2339 1045 2405 (ι
1057 2336 1088 2394 in
1100 2352 1157 2395 ras.
1169 2352 1234 2395 am.
1247 2342 1264 2394 2
1278 2353 1310 2394 ον
1324 2351 1424 2409 supra·

298 2426 437 2500 scriptum
457 2443 525 2486 am.
540 2432 580 2499 2),
601 2434 632 2487 et
652 2426 844 2505 δικάρηνονίλ
863 2429 952 2488 habet
972 2430 1050 2501 quod
1066 2430 1166 2502 Steph.
1180 2430 1261 2491 Lect.
1277 2436 1307 2488 et
1320 2430 1426 2488 Portus

300 2518 467 2591 ediderunt;
494 2520 615 2591 »quodsi
635 2521 716 2592 legas
737 2517 889 2596 δικάρηνον
913 2537 965 2580 seu
988 2519 1173 2597 τρικάοηνον,
1196 2522 1340 2581 constabit
1363 2536 1427 2581 ver·

298 2627 364 2670 sus«
380 2613 547 2672 Neander
566 2615 596 2672 in
609 2629 700 2686 marg.
717 2645 750 2655 -
771 2613 890 2687 Lennep
904 2622 1057 2688 postquam
1072 2616 1130 2674 tria
1143 2616 1213 2675 Idae
1229 2616 1427 2689 promontoria

298 2720 316 2763 a
342 2706 488 2767 veteribus
517 2708 733 2768 commemorari
767 2709 947 2782 exposuerit,
978 2710 1020 2768 sic
1051 2710 1149 2783 pergit
1182 2709 1307 2767 »Melius
1336 2709 1427 2781 paulo

298 2799 365 2858 huic
384 2801 448 2860 locu
474 2802 635 2860 consultum
660 2800 776 2874 fuisset,
803 2802 828 2859 si
853 2802 976 2860 alterum
1001 2800 1172 2880 τρικάρηνον
1198 2801 1425 2862 substituissent.

297 2893 379 2953 Idam
399 2893 580 2972 τρικάρηνον,
600 2912 658 2956 non
678 2910 746 2955 vero
767 2893 918 2972 δικάρηνον
933 2895 1055 2956 colutho
1074 2896 1174 2968 luisse,
1195 2895 1335 2968 exipsius
1349 2896 1424 2954 Pha·

299 2989 398 3048 laurae
417 2989 472 3048 hoc
492 2990 554 3049 loco
579 2990 725 3049 mentione
749 2994 841 3062 patet.
880 2989 938 3048 Sed
957 3006 1012 3048 nec
1031 2992 1126 3063 ipsum
1150 2989 1222 3047 illud
1246 2987 1426 3066 τρικάοηνον,

297 3082 355 3140 etsi
375 3088 461 3140 acute
487 3083 682 3155 excogitatum
707 3085 738 3141 et
762 3083 857 3154 prima
882 3083 980 3156 specie
1007 3081 1234 3142 commendabile
1261 3081 1427 3156 admodum,

298 3174 370 3234 ferri
389 3181 500 3249 potest:
525 3177 550 3234 si
571 3177 648 3234 euim
667 3175 811 3235 Phalacra
830 3192 918 3234 unum
939 3191 956 3235 e
975 3177 1069 3236 tribus
1095 3177 1303 3250 promontoriis
1327 3173 1424 3249 fuerit,

297 3269 376 3328 nullo
396 3268 482 3330 modo
502 3269 651 3329 commode
672 3270 729 3328 dici
748 3276 848 3343 posset
868 3267 1040 3346 τρικάρηνος
1058 3268 1157 3349 πρηαλν
1180 3267 1345 3347 Φαλάκρης,
1367 3270 1425 3328 nisi

298 3369 411 3423 statuas
432 3361 477 3421 ἐπὶ
496 3363 613 3441 πρηῶνα
633 3360 802 3438 τρικάρηνον
819 3358 921 3441 Ἰδαίης
938 3359 1094 3441 Φαλάκρης
1106 3364 1232 3437 positum
1255 3379 1319 3423 esse
1339 3361 1425 3423 modo

296 3458 391 3532 podiis
411 3455 548 3517 familiari
567 3472 621 3530 pro
641 3453 687 3513 ἐπὶ
707 3457 824 3533 πρηῶνα
847 3453 1002 3535 Φαλάκρης
1018 3454 1122 3534 Ἰδαίης
1143 3454 1317 3534 τρικαρήνου
1337 3457 1425 3528 idque

296 3569 350 3626 pro
370 3548 415 3609 ἐαλ
434 3571 462 3609 π.
480 3549 515 3609 Φ.
528 3545 607 3628 Ἴδης
625 3549 808 3628 τρικαρήνου,
827 3552 1068 3624 quemadmodum
1088 3549 1220 3629 σεληναίη
1240 3568 1294 3623 pro
1314 3549 1426 3627 σελήνη,

296 3642 421 3723 Ἀθηναίη
446 3663 500 3720 pru
524 3642 634 3722 Ἁδηνηι
664 3646 741 3716 quod
766 3653 865 3705 tamen
889 3646 1041 3720 probabile
1073 3646 1152 3704 haud
1177 3644 1301 3705 videtur.
1338 3641 1429 3719 Ἰδαίη

301 3737 439 3818 Φαλάκρη
463 3742 577 3802 omnino
601 3743 745 3803 adiective
769 3744 866 3816 capio,
891 3738 1132 3815 quemadmodum
1151 3745 1211 3797 u.4
1232 3732 1353 3816 Ἰδαίηοι
1371 3755 1425 3814 χο-

294 3839 401 3912 ρείαις,
426 3851 452 3893 1.
468 3842 505 3894 69
525 3833 639 3901 Ξάνθος
657 3831 777 3908 Ἰδαῖος,
801 3830 1009 3908 1.10οἸδαιή
1028 3829 1120 3909 ἄκρη,
1144 3849 1171 3891 1.
1187 3837 1241 3890 116
1261 3827 1354 3887 Ἰδαία
1373 3826 1427 3906 ὄρη

300 3934 330 3987 et
350 3928 416 3986 aliis
435 3929 466 3987 in
485 3930 565 3990 locis.
604 3931 685 3989 Nihil
709 3930 840 4001 adeoque
867 3934 1015 4002 superest,
1042 3942 1129 3998 quam
1152 3929 1186 3983 ut
1212 3924 1330 3984 aliunde
1350 3939 1434 3982 com·-

299 4021 458 4081 modiurem
488 4024 662 4096 scripturam
692 4023 983 4096 circumspiciamus«.
1029 4020 1126 4093 Quare
1157 4037 1185 4093 p.
1207 4025 1262 4079 109
1294 4033 1330 4077 ex
1360 4015 1428 4074 libri

300 4115 485 4176 Ambrosiani
504 4117 650 4189 scriptura
670 4133 778 4192 κρηνας
797 4115 854 4186 (sic
868 4114 944 4174 enim
958 4114 986 4173 ei
1001 4129 1037 4174 ex
1050 4115 1107 4173 hoe
1119 4113 1194 4173 libro
1214 4111 1289 4172 falso
1302 4110 1435 4169 relatum
