3210 4836
729 399 943 466 -54..

272 596 307 651 nt
323 605 391 649 eum
410 596 475 648 non'
486 587 596 646 leviora
615 583 853 653 salucra'iacerc
867 600 953 656 quam
967 583 1073 643 Martis
1095 582 1164 654 tela,
1185 581 1238 646 sed
1253 597 1289 640 ea
1304 586 1402 640 tamen

274 700 341 752 nen,
360 688 394 740 ut
413 681 507 749 illius,
531 677 697 751 mortifera,
724 677 844 736 diceret.
885 677 950 749 ugo
975 677 1026 735 illa
1052 675 1110 735 duo
1137 675 1225 735 verba
1250 676 1322 735 nihil
1346 676 1403 735 nisi

274 777 500 850 discrepantiam
521 774 683 847 scripturae
703 788 768 831 esse
787 776 874 845 puto,
895 787 981 843 quum
1001 770 1053 827 alii
1072 768 1233 828 seriberent
1249 767 1406 846 φιλότητος

274 866 344 948 ἐμῇ(
363 865 488 945 οἶστρον,
510 869 559 928 alii
579 865 735 943 φιλότητος
755 861 824 940 ἐμὸν
845 862 971 941 οἶστρον.
1010 865 1064 923 His
1086 865 1224 921 inunum
1244 865 1403 924 coniunctis

275 965 424 1038 expulsum
444 966 490 1022 est
509 961 691 1020 adiectivum.
732 959 856 1018 Videtur
875 958 946 1017 mihi
964 964 1052 1031 poeta
1076 958 1228 1030 scripsisse
1247 956 1411 1034 φιλότητος

276 1053 348 1132 ἐμῆς
365 1051 458 1132 βαρὺν
478 1050 593 1131 οίστρον
613 1049 758 1111 ἑλοῦσαι(
789 1053 872 1111 Haeo
890 1053 1038 1111 Hermann
1057 1070 1086 1124 p.
1103 1059 1139 1110 14
1158 1051 1240 1110 cuius
1260 1053 1413 1111 coniectu·-

274 1167 336 1211 rarn
358 1153 517 1224 praeeunte
530 1148 655 1207 Lehrsio
673 1147 781 1219 recepi.
814 1147 904 1218 Quam
921 1152 1018 1204 tamen
1038 1145 1151 1217 longius
1170 1160 1188 1202 a
1207 1145 1316 1204 tradita
1333 1146 1407 1203 scri·

275 1252 363 1318 ptura
376 1244 515 1303 recedere
529 1249 635 1316 putans
649 1236 717 1318 ἔρον
730 1257 783 1314 pro
797 1238 866 1316 ἐμὸν
879 1240 996 1313 scripsit
1008 1239 1151 1297 Tournier
1170 1256 1198 1313 p.
1214 1245 1249 1297 21
1270 1240 1355 1297 simul
1374 1240 1404 1298 in

278 1338 379 1398 eodem
399 1352 485 1395 versu
505 1332 622 1393 ἑλοῦσαι
640 1340 754 1393 mutans
774 1334 804 1391 in
824 1329 954 1412 ἔχουσαι.
973 1365 1011 1375 -
1029 1332 1147 1390 ελοῦσαι
1165 1332 1207 1405 M,
1227 1327 1345 1391 ἑλοῦσαι
1365 1333 1413 1405 (λι

276 1463 311 1473 -
333 1428 374 1489 08
402 1431 498 1488 »Alibi
528 1430 633 1488 lectum
658 1426 795 1492 πολλάκις
820 1423 954 1485 ὠδίνουσι
980 1425 1029 1483 καὶ
1055 1423 1088 1483 οδ
1108 1427 1236 1484 τίκτουσι
1263 1429 1412 1503 γυναῖκες,

276 1526 357 1587 Haut
371 1529 417 1585 sat
430 1525 499 1596 scio,
515 1540 552 1582 an
562 1522 640 1595 apud
654 1538 789 1594 magnum
799 1516 918 1580 Home'ri
930 1521 1147 1580 Scholiastam.«
1170 1522 1411 1592 Dausquaius..

277 1619 378 1679 »Unde
399 1634 468 1677 vero
495 1617 569 1674 hane
594 1616 767 1688 scripturam
792 1614 938 1686 hauserit,
965 1613 1042 1671 haud
1064 1613 1198 1685 equidem
1219 1617 1399 1687 exploratum

276 1713 377 1773 habeo.
407 1710 494 1784 Apud
512 1710 697 1768 Eustathium
718 1710 791 1767 haec
810 1709 869 1781 legi
890 1709 943 1767 sub
958 1708 1074 1768 Oolnthi
1089 1710 1203 1767 nomine
1217 1706 1321 1767 falsum
1343 1713 1414 1768 exi--
1515 1730 1517 1733 ·
1594 1694 1595 1707 ³

277 1808 375 1878 stim03
395 1820 450 1865 nec
466 1805 557 1863 'etiarn
577 1805 651 1863 tanti
672 1809 728 1875 est,
749 1819 812 1860 cum
833 1802 951 1874 vulgata
976 1803 1038 1859 sine
1067 1801 1155 1860 dubio
1183 1818 1201 1859 a
1222 1801 1345 1863 colutho
1365 1804 1404 1862 sit

275 1898 417 1973 profecta,
440 1895 584 1957 etaltera
604 1899 688 1970 longe
711 1897 908 1954 venustiorem
928 1911 1043 1953 sensum
1063 1894 1173 1954 fundat.
1214 1896 1404 1970 Oppenuntur

275 1993 323 2051 hic
349 1988 459 2049 ὠδίνειν
485 1998 515 2050 et
541 1988 689 2067 θνήσκειν,
722 1989 961 2061 quemadmodum
992 1996 1113 2047 cestus
1140 1998 1170 2049 et
1191 2007 1291 2051 arma
1315 1994 1403 2065 paulo

279 2092 355 2154 ante,
378 2101 499 2156 quorum
519 2085 564 2142 his
579 2100 667 2157 saepe
681 2079 786 2143 misere
798 2091 923 2156 pereunt
943 2086 972 2142 in
986 2084 1062 2144 bello
1082 2085 1220 2155 homines,
1241 2090 1321 2144 cesto
1335 2101 1413 2145 vero-

276 2184 389 2239 tantum
411 2178 484 2237 illud
511 2175 619 2255 πικρὸν,
647 2177 724 2250 qnod
749 2179 840 2237 amori
859 2179 949 2250 inest,
975 2179 1115 2247 sentiunt,
1143 2179 1219 2250 quod
1239 2196 1295 2238 non
1315 2179 1404 2237 inele-

277 2278 380 2346 ganter
406 2268 515 2329 ὠδίνειν
541 2272 639 2329 dixit«
680 2270 833 2344 Lennep.
854 2272 996 2330 Teurnier
1021 2290 1050 2345 p.
1066 2278 1100 2331 21
1126 2273 1265 2334 hocloco
1290 2273 1340 2331 ubi
1367 2272 1405 2331 de

278 2367 382 2429 amoris
404 2364 508 2424 effectu
529 2369 648 2436 agatur,
675 2363 763 2423 verbo
784 2360 919 2421 ὠδίνουσι
939 2365 1009 2422 nihil
1028 2366 1085 2423 nisi
1105 2367 1287 2438 parturiendi
1311 2368 1413 2426 notio·v

276 2479 341 2523 nem
366 2462 461 2521 inesse
485 2475 571 2532 posse
596 2464 677 2517 ratus
702 2464 733 2516 et
757 2476 855 2518 omnes
885 2460 991 2518 amoris
1016 2460 1163 2518 molestias
1190 2477 1207 2518 a
1234 2466 1322 2533 poeta
1352 2460 1402 2519 de·
1452 2474 1474 2510 ι·

278 2557 408 2627 signatas
423 2569 487 2612 esse
508 2552 564 2610 sibi
583 2552 772 2625 persuadens,
792 2551 911 2609 πολλάκι
929 2551 1103 2631 policinum
1128 2554 1311 2613 scribendum
1339 2571 1413 2615 esse·

279 2648 410 2708 coniecit.
431 2678 469 2689 ·-
488 2643 530 2704 09
551 2647 613 2710 τοῖς
625 2643 805 2722 εφεσπομένη
821 2643 1039 2722 ῥοδοδακτυλος
1060 2642 1158 2729 ἔννεπε
1177 2648 1210 2705 Μ
1216 2666 1223 2718 ;
1243 2644 1412 2724 ἐφεπομένη

277 2773 469 2834 NPRSVW
494 2779 524 2832 et
547 2771 614 2832 fort.
641 2774 727 2833 etiarn
756 2772 790 2844 03
817 2768 899 2830 ἔνεπε
925 2774 963 2845 Q,
988 2737 1070 2829 ἔνὲπε
1095 2774 1136 2844 Ν;
1165 2806 1198 2814 -
1228 2771 1291 2830 100
1318 2793 1345 2829 οι
1371 2771 1399 2829 δ’

278 2867 319 2940 Μ,
340 2865 369 2924 οἱ
388 2862 415 2923 δ’
440 2867 502 2925 rell.
519 2865 601 2925 codd.
617 2872 647 2925 et
661 2866 736 2939 edd,
757 2865 788 2923 οἳ
804 2864 829 2922 δ’
851 2883 920 2939 ego;
938 2865 1085 2943 μητροιίης
1105 2885 1212 2943 ερατ-ης
1232 2863 1342 2931 διοντες
1356 2868 1403 2939 Μ;

279 2956 392 3059 moeris
413 2994 440 3053 Δ
460 2993 502 3065 (in
522 3010 577 3066 quo
598 3012 672 3054 corr.
693 2996 848 3069 glossator)
871 2995 910 3065 Ως
931 3025 965 3034 -
989 2990 1046 3050 101
1067 2964 1206 3071 poetices
1225 2994 1308 3053 codd.
1331 2995 1402 3053 dett·

280 3092 310 3147 et
339 3086 406 3145 edd.
439 3092 506 3145 ante
537 3087 728 3161 Stephanum3
758 3092 945 3146 correxerunt
976 3087 1064 3145 etiam
1097 3087 1300 3162 Fallrenburg,
1333 3089 1413 3148 Bro»

279 3181 385 3253 dacus,
407 3185 437 3238 et
456 3180 593 3239 Neander
618 3182 647 3237 in
668 3181 807 3265 margine.
847 3180 1028 3238 Loescherus
1049 3182 1151 3240 vitiose
1171 3184 1303 3261 φοτῒηρες
1329 3184 1423 3243 coni·

280 3281 310 3333 et
323 3275 423 3333 vertit:
445 3274 647 3347 genitores3
662 3302 698 3313 —
712 3273 885 3350 φοιτητῆρες
899 3274 988 3331 etiam
1001 3275 1041 3337 M.
1064 3274 1247 3352 ἐπερρόοιντο
1260 3278 1303 3349 Μ,
1323 3272 1413 3351 ἐπερΔ

277 3363 410 3446 ρώιλονπο
430 3366 475 3438 Δ;’
490 3364 589 3445 τιθήνη
609 3368 655 3439 Μ;
679 3398 711 3408 -
734 3364 796 3425 102
817 3363 978 3444 ὑπέδραμεν
997 3368 1030 3426 Μ
1051 3370 1094 3438 (in
1114 3385 1170 3440 quo
1185 3367 1344 3446 ὑπέδραμεν
1358 3363 1404 3426 οὔ·

278 3479 333 3538 ρος
353 3458 445 3538 ἄκρην
465 3461 597 3521 additum
618 3467 662 3519 esi
682 3477 701 3520 a
719 3461 752 3520 M
766 3464 796 3532 3)
818 3461 981 3533 CNPSW,
1003 3458 1181 3538 ὑπέρδραμεν
1201 3462 1236 3535 A,
1256 3460 1412 3540 ὑπερίδρα»

277 3573 331 3631 μεν
352 3555 387 3627 0,
406 3550 563 3630 ὑπέδραπεν
582 3553 618 3627 L,
639 3550 798 3631 ἐπέδραμεν
819 3555 858 3627 Q,
884 3551 1044 3631 ὑπέδραμον
1064 3554 1104 3624 V3
1130 3550 1290 3631 δπέδραμεν
1317 3556 1411 3614 etiam·

170 3695 173 3701 .
280 3648 390 3722 primae
411 3646 562 3707 editiones.
588 3644 783 3726 ὑπερέδραμον
803 3649 876 3708 coni.
902 3648 1104 3721 Fallrenburg,
1125 3648 1290 3722 Bredaeus,
1311 3651 1413 3709 Neanm

281 3742 334 3800 der
360 3742 390 3799 in
418 3757 524 3814 marg„
551 3748 581 3800 et
605 3742 806 3815 Dansqucius,
835 3742 947 3814 recepit
972 3741 1086 3799 Portus.
1132 3739 1252 3814 Lennep
1282 3749 1312 3801 et
1338 3742 1410 3800 rell,

282 3836 348 3895 edd.
364 3835 507 3909 Anonymi
527 3837 733 3895 correctionem
753 3833 949 3913 ὑπερέδραμον
968 3850 1025 3892 non
1046 3833 1082 3891 de
1100 3834 1161 3893 solo
1176 3834 1331 3907 Mercurio,
1353 3834 1411 3893 sed

282 3930 319 3990 de
340 3929 452 3989 deabus
473 3932 560 3990 etiam
575 3931 682 3990 dictum
695 3935 878 4004 receperunt.
900 3961 934 3970 —
955 3944 985 3988 v.
1002 3925 1064 3986 103
1084 3929 1205 3987 omissus
1220 3931 1308 3987 estin
1323 3928 1406 3989 codd.

282 4022 355 4082 dett
376 4027 407 4082 et
427 4023 493 4083 edd.
515 4030 583 4082 ante
594 4023 769 4095 Beklrerum,
790 4024 839 4095 qui
860 4038 924 4081 eum
944 4038 980 4080 ex
994 4022 1027 4079 M
1040 4022 1177 4096 sumpsit,
1197 4018 1270 4081 ἔνθα
1290 4029 1320 4081 et
1340 4041 1412 4081 oao-

282 4134 413 4195 πρηωνος
425 4116 467 4192 M,
482 4132 555 4189 quae
569 4117 658 4175 tacite
673 4133 746 4176 corr.
760 4116 892 4188 Bakker3
906 4148 943 4159 -
957 4136 991 4194 ερ
1003 4134 1057 4191 pro
1072 4114 1184 4195 ἐρίπνην
1197 4118 1239 4190 M,
1254 4117 1330 4189 qued
1344 4132 1412 4176 cor·
