3208 4848
649 403 862 467 ..89-

189 591 316 668 χιονεοῖο
341 588 474 662 AGNQ,
498 585 626 665 χιονέοῖο
645 589 686 661 L3
711 587 905 664 λοεσσαμενος
924 589 971 661 Μ;
1000 620 1031 630 -
1061 585 1127 649 232
1152 584 1248 667 ὤχετο
1267 590 1313 662 Μ;

190 681 287 754 ὁπΜ,
308 681 433 760 ἰχνεσσιν
446 680 488 752 Μ,
510 678 634 759 ἴχνεσσιν
647 681 806 755 NPQSW
825 700 857 754 o;
879 695 959 760 ιχνος
976 682 1024 755 Μ,
1045 681 1165 759 ἐρειδιον
1178 683 1220 753 Μ,
1241 678 1315 760 ἐρεί-

191 775 251 834 δων
270 774 389 834 Bekker
409 779 438 833 et
458 781 525 847 post
545 791 610 832 eum
631 774 706 844 edd,
729 771 848 849 ἐρείσας
867 775 929 836 rell.
951 774 1034 834 codd.
1056 782 1086 835 et
1106 776 1172 834 edd.
1194 809 1230 819 -
1252 774 1314 835 233

188 890 229 947 μη
248 869 294 940 Μ;
315 866 480 945 ἱμερόεντες
491 867 534 940 Μ,
556 867 627 943 hiep.
641 867 676 940 A,
696 864 777 945 ἦμαρ.
797 874 865 926 ante
886 883 959 926 corr.
981 867 1027 939 (λς
1045 865 1252 947 ὑπανχράντοιο
1272 868 1313 938 Μ,

191 960 234 1020 dd
249 958 406 1041 ἀχράντοιο
419 959 547 1032 AOLN,
567 960 637 1017 Pin
655 967 744 1034 textu,
766 960 839 1033 QR,
862 965 892 1018 et
905 960 943 1019 W
956 960 986 1016 in
1000 964 1091 1032 texte,
1110 957 1315 1039 ὑποχραίνοντο

191 1055 226 1129 S,
246 1056 270 1113 P
290 1056 320 1112 in
340 1070 430 1127 marg.
453 1070 478 1112 a.
499 1070 536 1111 m.
558 1059 590 1125 2,
612 1052 650 1112 W
669 1054 699 1110 in
721 1069 811 1125 marg.
833 1070 859 1111 a.
881 1069 917 1110 m.
941 1061 971 1126 1,
997 1059 1027 1113 et
1052 1053 1117 1112 edd.
1138 1070 1253 1123 omues,
1279 1070 1315 1113 ex

192 1150 359 1209 coniectura
385 1163 455 1206 saue
479 1147 707 1220 speciosissima3
736 1147 805 1205 »sed
826 1163 912 1219 quum
938 1147 1039 1220 scripti
1059 1148 1126 1205 libri
1146 1164 1244 1207 omnes
1264 1147 1314 1205 ha-

190 1240 280 1299 beant
305 1236 347 1296 r‘m'
374 1237 530 1318 ἀχράντοιο
556 1237 779 1318 (ὑπανχράντοιο
799 1239 887 1310 Met.)
914 1237 1130 1318 ὑποχραίνοιντο
1156 1245 1252 1298 autem
1278 1256 1314 1298 cx

191 1335 253 1394 solo
279 1332 346 1406 [22]
366 1333 472 1392 Aldino
499 1332 657 1406 exemplari
681 1333 711 1390 in
736 1332 878 1391 editiones
899 1334 1011 1392 venerit
1030 1333 1154 1405 indeque
1176 1333 1263 1390 etiam
1282 1334 1313 1390 in

192 1427 321 1487 codicem
337 1425 498 1485 Gothaum
520 1426 570 1501 [ex
590 1441 646 1498 quo
672 1426 744 1484 nibil
764 1425 940 1484 aPassowio
960 1429 1118 1498 enotatum]
1143 1441 1228 1497 quem
1248 1425 1313 1483 aliis

191 1535 305 1591 quoque
322 1518 436 1576 indiciis
449 1519 579 1576 intellexi
592 1534 628 1577 ex
642 1518 720 1576 edito
735 1517 859 1588 quodam
875 1519 1032 1591 exemplari
1047 1518 1223 1591 descriptum
1238 1533 1312 1590 esse,

194 1615 342 1686 aliquanto
363 1616 409 1670 est
428 1612 611 1670 verisimilius
631 1611 702 1670 illud
723 1627 787 1669 esse
806 1628 915 1681 verum,
936 1612 988 1671 sed
1004 1614 1108 1670 lacuna
1121 1613 1215 1671 locum
1228 1611 1311 1670 vitia·

192 1712 253 1764 tum
273 1722 347 1775 esse,
367 1711 400 1763 ut
420 1705 507 1762 scribi
526 1709 670 1778 praestet:

342 1846 381 1927 μὴ
401 1848 489 1915 πόδες
508 1848 673 1926 ἱμερόεντες
692 1847 734 1910 ὑπ’
755 1849 911 1928 ἀχράντοιο
932 1851 1079 1930 [χιτῶνος]
1148 1843 1150 1847 ’

303 1963 307 1974 ·
346 1984 879 2002 ............
939 1944 1062 2023 κονίης(
1112 1944 1314 2005 Schneider

193 2099 221 2153 p.
242 2089 307 2153 412,
334 2083 381 2140 cui
404 2081 558 2142 obsecutus
583 2097 654 2142 sum.
680 2113 718 2123 -
745 2081 842 2160 κονίῃς
860 2081 925 2154 PS;
949 2083 1127 2157 genetivum,
1153 2083 1200 2140 eui
1219 2082 1313 2141 Iulian

193 2176 223 2233 in
243 2177 447 2235 commentario
467 2176 596 2235 dativum
610 2176 688 2254 κονίῃ
702 2174 879 2234 substituere
893 2176 1018 2248 volebat,
1040 2175 1199 2235 Schneider
1212 2194 1241 2249 p.
1256 2182 1312 2234 412

194 2270 284 2339 tuitus
305 2273 351 2326 est
370 2268 482 2327 collatis
499 2269 582 2328 Hom.
604 2267 773 2336 odram
793 2267 895 2346 χείλεα
914 2264 1018 2344 φύρσω
1039 2267 1167 2345 abrasos,
1189 2268 1311 2342 Oppian.

192 2362 257 2420 Hal·
277 2370 303 2435 5,
325 2364 379 2422 277
400 2360 490 2437 πόρος
510 2358 627 2438 λύθροιο
647 2360 796 2440 πέφορται,
818 2362 848 2420 id
863 2369 890 2435 5,
911 2369 966 2423 269
987 2358 1104 2438 λύθροιο
1124 2358 1311 2438 φορύσσεται.

193 2486 228 2497 -
250 2454 313 2515 234
331 2474 371 2532 μη
390 2456 436 2528 Μ;
463 2473 593 2532 κονεησιν
612 2455 658 2528 Μ,
679 2453 809 2535 κυνέῃσιν
828 2455 961 2528 Bekker,
987 2453 1125 2533 κονέηθεν
1144 2456 1207 2514 rell.
1228 2454 1311 2515 codd.

193 2554 223 2608 et
236 2548 302 2607 edd.
317 2554 384 2607 aute
398 2548 572 2621 Bekkerum,
594 2547 711 2626 γαίηθεν
725 2550 797 2608 coni.
828 2549 1020 2622 Dausqueius,
1041 2547 1174 2627 κονέχριν
1195 2548 1313 2622 scripsit

194 2642 288 2700 Iulien
301 2647 332 2702 et
345 2643 457 2716 recepit
473 2642 575 2714 Lehrs,
596 2659 660 2701 eum
674 2643 820 2701 Hermann
840 2661 869 2717 p.
886 2649 921 2702 18
942 2648 1121 2702 annotasset:
1144 2641 1312 2701 »Bekkerus

193 2735 296 2795 ecod.
321 2736 395 2796 Μαι.
427 2737 529 2810 opinor
557 2736 640 2796 dedit
664 2735 803 2816 κυνέῃσιν.
838 2737 972 2795 lulianus
999 2753 1034 2795 ex
1064 2736 1232 2794 coniectura
1255 2751 1312 2794 non

191 2829 265 2886 male
286 2826 428 2908 κυνέρφιν.
462 2830 590 2902 Vulgata
610 2827 747 2907 κονέηθεν
768 2831 793 2888 si
813 2846 882 2889 vera
902 2835 956 2901 est,
976 2828 1176 2900 coniungenda
1189 2832 1235 2886 est
1247 2843 1312 2886 cum

193 2917 417 2980 ἀναστέλλοιεν(
449 2920 582 3002 κονέχφιν
602 2924 775 2997 improbavit
791 2922 950 2982 Schneider
969 2939 997 2996 p.
1011 2929 1078 2996 412,
1099 2937 1182 2979 »uam
1202 2920 1311 2980 formae

194 3015 224 3071 in
243 3034 277 3091 ρι
297 3021 434 3075 exeuntes
460 3022 493 3075 ut
512 3018 589 3096 apud
608 3018 784 3076 recentiores
809 3022 911 3089 poetas
931 3016 1097 3074 rarissimae
1117 3021 1193 3088 sunt,
1212 3015 1256 3072 ita
1274 3013 1311 3073 ab

191 3107 286 3168 Nonni
306 3109 412 3181 quque
433 3125 498 3168 eum
518 3110 714 3182 sequebantur
733 3127 788 3169 usu
807 3111 893 3183 plane
913 3113 981 3168 sunt
1000 3110 1123 3168 abeam.
1154 3106 1190 3168 cf.
1209 3107 1312 3168 Lehrs.

195 3206 306 3272 quaest.
327 3217 373 3275 ep.
393 3219 422 3275 p.
444 3210 499 3262 306
510 3218 570 3275 seq.
590 3203 761 3275 praestabat
780 3203 877 3261 dicere
899 3202 1063 3262 (lolluthum
1083 3203 1168 3260 metri
1188 3202 1312 3261 necessi·

191 3299 254 3352 tate
274 3301 405 3353 coactum
425 3295 566 3369 pluralem
586 3296 719 3369 posuisse
738 3312 791 3369 pro
812 3296 964 3369 singulari,
989 3301 1022 3353 ut
1046 3292 1116 3354 feeit
1135 3312 1160 3352 v.
1184 3301 1238 3353 182
1259 3293 1310 3351 κοί-

187 3406 262 3465 ρανοι
273 3403 377 3447 vocans
387 3387 464 3447 Iovis
474 3395 589 3462 caput«
603 3421 636 3431 -
649 3388 848 3466 εαιβρίσαντες
853 3389 894 3462 Μ,
906 3385 1106 3464 ἐπιβρίσαντες
1116 3387 1275 3461 AOLNQR
1284 3391 1310 3461 b,

191 3479 364 3554 Stephanus,
385 3481 512 3552 Lectius,
532 3483 638 3541 Portus
659 3487 689 3540 et
708 3482 774 3541 edd.
795 3482 862 3541 iude
883 3499 901 3541 a
921 3482 1079 3555 Lennepio,
1103 3476 1311 3558 ἐπιβρίσαντες

190 3571 316 3635 PSVW
338 3579 368 3634 et
387 3574 454 3634 edd.
474 3581 542 3634 ante
556 3575 655 3649 Steph.
671 3575 795 3636 Caetera
808 3576 892 3634 huius
906 3576 1110 3648 sequentisque
1124 3591 1224 3634 versus
1238 3575 1311 3634 haee
1340 3623 1342 3628 .

189 3671 236 3725 est
247 3667 329 3726 varia
338 3664 617 3747 lectiozidstoacM,
629 3668 754 3742 Bekker,
765 3670 867 3742 Iulien,
877 3670 979 3743 Lehrs,
990 3663 1103 3747 ἔθειραι
1111 3671 1175 3729 rell.
1186 3668 1270 3729 codd.
1282 3673 1311 3728 et

191 3760 256 3819 edd.
278 3769 346 3821 aute
359 3763 497 3836 Lennep,
518 3765 567 3836 qui
581 3763 742 3836 Dausqueii
761 3764 955 3823 coniecturam
969 3759 1101 3840 ἐθείραις
1113 3763 1226 3837 recepit
1246 3779 1311 3822 sua-

191 3854 278 3914 dente
299 3856 386 3914 etlam
406 3856 556 3917 Dorrillio
578 3890 612 3900 -—
634 3854 807 3921 σπεύδοντες
819 3856 853 3915 Μ
867 3863 897 3916 et
911 3857 961 3930 SQ
976 3854 1013 3927 (λ)
1035 3863 1103 3915 ante
1123 3872 1209 3929 corn,
1228 3855 1311 3914 σπείι-

189 3946 327 4007 δοντονΑ
340 3956 408 4023 poet
421 3965 495 4010 corr.
509 3949 691 4009 ἀναστέλοιεν
702 3951 744 4024 Μ,
759 3947 959 4008 ἀναστέλλοιεν
974 3949 1039 4009 edd.
1056 3950 1123 4009 inde
1137 3949 1309 4022 eBekkero,

189 4037 395 4116 ἐπαντέλλοιεν,
416 4050 449 4102 ut
469 4045 540 4104 coni.
580 4045 778 4118 Dausqueius,
799 4043 957 4104 APSRW
976 4043 1105 4117 Lennep.
1125 4043 1240 4102 Harles.
1266 4039 1310 4101 ἐπ’

188 4134 349 4195 ἀντέλλοιεν
360 4136 446 4196 GLN
452 4182 460 4210 ,
470 4133 652 4197 ἐπαντέλοιεν
663 4140 727 4212 QV,
741 4136 950 4197 ἐπαντιτέλοιεν
960 4137 1027 4197 edd.
1038 4143 1106 4197 ante
1116 4137 1261 4212 Lennep.;
1276 4168 1309 4178 -
