3208 4848
725 406 982 483 *-122-

300 588 418 648 demum
439 585 510 665 ὑπὲρ
530 586 638 666 τεγέων
659 590 700 661 (in
721 588 903 647 conclavibus
924 589 1068 665 supernis)
1088 591 1212 651 coniecit
1233 607 1269 649 ex
1288 590 1431 671 Trypbio-

301 681 377 742 doro
392 684 447 741 547
469 684 601 760 γυναῖκες
620 679 690 760 ὑπὲρ
711 679 819 757 τεγέων
839 679 966 754 ἀΐοοααι,
992 683 1062 741 licet
1080 700 1137 743 non
1157 685 1335 756 ignoraverit
1358 681 1430 762 ὑπὲρ

308 773 420 854 λεχέων
434 777 522 835 etiam
536 777 614 850 apud
627 776 759 836 Nonnum
774 776 841 846 (VII
855 781 922 849 319)
938 783 1047 836 extare.
1061 809 1096 819 -
1117 775 1180 836 ste
1197 776 1332 855 μεθεηκα
1352 797 1433 843 τινας

305 866 476 945 προλέλοιπα
497 873 633 948 γυναῖκας
645 870 687 943 M,
709 870 785 928 unde
805 870 980 930 deteriorum
995 871 1126 931 codicum
1141 877 1171 930 et
1184 872 1343 932 editionum
1357 873 1424 931 scii·

301 965 416 1035 pturam
437 960 608 1039 προλέλοιπα
626 961 706 1028 τίνας
721 961 856 1039 μεθέηκα
867 965 977 1022 mutavi
990 964 1131 1023 suadente
1146 966 1233 1024 etiam
1248 965 1428 1025 Schneidero

301 1074 329 1130 p.
345 1062 411 1115 416.
452 1054 568 1116 Graefio
588 1074 617 1129 p.
633 1057 688 1114 257
708 1057 738 1113 in
758 1056 790 1113 M
816 1056 884 1114 libri
910 1057 1055 1130 scriptura
1080 1060 1160 1115 ποῖον
1185 1053 1257 1134 ὅρος
1279 1056 1431 1135 eadivam

302 1150 377 1207 τίνα
396 1147 567 1226 προλέλοιπα
587 1147 651 1207 τίν’
671 1145 799 1225 dymnum
820 1150 912 1208 latere
931 1151 1023 1208 visum
1044 1155 1116 1224 erat,
1139 1152 1299 1225 ›synizesin
1320 1156 1428 1220 tamen,

302 1243 396 1316 qualis
418 1243 447 1299 in
473 1239 566 1317 ἄγκεα
592 1249 683 1314 esset,
710 1245 856 1301 evitarunt
878 1243 909 1301 bi
928 1244 1024 1303 Nonni
1052 1251 1225 1318 sectatores,
1251 1252 1431 1305 contractum

302 1343 399 1396 autem
421 1331 496 1413 ἄγκιγ
515 1336 600 1394 nimis
621 1351 640 1393 a
659 1334 730 1395 (ind.
744 1336 776 1394 M
796 1336 916 1395 recedit.
956 1337 1059 1410 Neque
1088 1340 1245 1412 repetitum
1271 1338 1344 1397 illud
1370 1338 1432 1397 τίνα

303 1432 374 1489 satis
396 1436 466 1504 apte
486 1431 620 1503 positum.
661 1430 706 1487 An
727 1429 851 1489 fortasse
871 1427 1015 1507 σύναγκος
1035 1431 1158 1506 dictum,
1184 1439 1217 1491 nt
1237 1432 1429 1509 αονάγκειαλι

304 1522 460 1582 Caeterum
471 1520 599 1599 b'pocW3
613 1521 745 1588 κολῶνας
755 1523 918 1595 GNPWa3
929 1522 1103 1598 μεθέλκαΙι.
1113 1558 1152 1571 «-
1166 1526 1320 1599 Sequentis
1332 1547 1432 1590 versus
1445 1603 1448 1608 Ι

303 1617 377 1690 loco,
400 1632 485 1688 quem
499 1614 658 1675 Schneider
677 1617 733 1674 buc
753 1617 939 1690 transposuit,
961 1618 1028 1674 olim
1049 1618 1202 1690 legebatur
1216 1637 1241 1679 v.
1257 1629 1323 1696 388,
1345 1640 1430 1696 quem

303 1711 427 1769 lacunae
452 1710 542 1782 signis
566 1715 634 1782 post
659 1727 684 1767 v.
705 1713 760 1769 875
786 1711 889 1783 positis
914 1710 1034 1786 Lennep
1067 1714 1159 1772 minus
1189 1717 1337 1777 commode
1364 1724 1432 1792 post

302 1821 329 1862 v.
349 1805 405 1863 878
431 1811 621 1876 transponere
653 1804 756 1875 voluit,
786 1803 929 1877 probante
959 1804 1102 1865 Harlesio.
1149 1806 1257 1867 Contra
1282 1810 1429 1871 Graefins:

303 1897 380 1956 Ante
404 1898 480 1956 bunc
502 1914 614 1956 versum
643 1903 761 1971 »aperte
788 1897 817 1954 id
844 1898 939 1968 deest,
966 1898 1151 1958 Hermionam
1177 1903 1357 1973 quaesivisse
1383 1905 1431 1975 (ci.

300 2007 329 2047 v.
357 1994 424 2062 386)
450 1996 572 2048 matrem
598 1990 704 2062 ubique
729 1991 787 2058 ita,
822 1995 856 2048 ut
880 1991 990 2048 nulium
1015 1999 1141 2051 montem
1170 1999 1427 2073 praetermitteret,

305 2089 338 2142 ut
357 2100 382 2144 v.
398 2085 454 2144 374
476 2083 590 2142 dicitur.
629 2083 686 2143 Sed
708 2085 755 2142 bic
774 2101 874 2142 rursus
894 2084 1008 2143 videtur
1028 2087 1132 2146 lacuna
1153 2104 1231 2161 esse3
1261 2098 1340 2151 certe
1357 2099 1429 2166 ‘post

302 2194 328 2235 v.
349 2178 404 2237 375
433 2180 577 2239 sententia
602 2184 705 2252 aperte
731 2177 900 2251 imperfecta
925 2184 984 2237 est:
1014 2180 1045 2238 id
1066 2181 1140 2239 enim
1166 2183 1243 2254 quod
1263 2184 1428 2260 Lennepius

304 2275 392 2332 vertit
423 2275 561 2347 [ssiccine
590 2273 813 2347 properabas
844 2274 882 2332 ad
912 2275 1055 2333 vinculum
1084 2274 1228 2336 formosae
1255 2277 1427 2361 Venerisit]

304 2368 479 2428 Hermionae
505 2370 534 2427 in
560 2375 684 2428 mentem
710 2371 808 2427 venire
833 2386 890 2428 non
910 2371 1012 2443 potnit.
1053 2370 1143 2430 Paulo
1169 2372 1347 2444 probabilius
1367 2392 1432 2434 ver-

235 2464 245 2485 i
304 2465 437 2523 sumsit
462 2465 521 2536 [ed.
541 2462 680 2538 Rakkan]
711 2470 778 2537 post
796 2482 821 2521 v.
843 2466 898 2523 377
924 2464 1002 2522 idem
1022 2464 1187 2539 Lennepius
1214 2470 1431 2542 transponebat.

305 2555 363 2614 Sed
389 2557 431 2615 sic
453 2557 623 2617 Hermiones
649 2559 743 2616 oratio
770 2574 826 2615 non
850 2559 992 2630 integrior
1012 2564 1070 2631 est,
1096 2564 1126 2617 et
1145 2560 1216 2618 illud
1236 2556 1313 2619 οὕτω
1335 2580 1360 2621 ν.
1376 2566 1431 2622 375

220 2696 227 2710 .
308 2649 432 2708 suadere
452 2652 549 2724 potius
570 2651 692 2722 videtur,
713 2657 746 2709 nt
766 2651 802 2709 de
823 2654 1037 2725 comparatione
1058 2654 1217 2725 cogitemus
1237 2658 1339 2715 veluti:

412 2775 489 2838 οὕτω
510 2777 696 2857 καλλικόμοιο
713 2775 782 2856 μεθ’
802 2777 948 2856 Ἁρμονίης
966 2779 1042 2857 πρὶν
1063 2779 1185 2860 ὁδίτης

409 2871 570 2939 &aaaron
588 2867 643 2951 ἤιε
663 2871 819 2950 Κάδμος,
840 2870 899 2951 ἑὴν
919 2873 948 2931 δ’
968 2870 1030 2945 οὐχ
1050 2870 1155 2951 εὗρεν
1175 2873 1346 2955 ἀδελφήκῑ

304 3002 434 3074 Cogitari
454 3003 542 3061 etiam
563 3008 678 3076 posset,
705 3003 799 3062 latere
820 2997 898 3058 οὔπω
919 3003 950 3060 in
969 2998 1061 3076 οὕτω,
1081 3009 1114 3061 ut
1133 3002 1291 3064 Hermione
1311 3021 1343 3064 se
1363 3012 1431 3066 ante

304 3100 468 3154 contractas
490 3097 606 3169 nuptias
627 3102 758 3154 amatre
779 3098 869 3155 solam
891 3096 987 3156 deseri
1007 3097 1134 3157 doleret:

405 3219 513 3299 οὔπω,
534 3223 720 3302 καλλικόμοιο
738 3224 811 3303 μεθ’
830 3225 963 3305 ὁγομονίην
980 3223 1147 3304 'deperiri-pq

402 3316 559 3397 μητέρος
578 3318 654 3378 ἀντὶ
674 3320 793 3399 φίλης,
811 3343 872 3399 μοι
891 3320 976 3402 ἀνὴρ
997 3323 1100 3401 φίλος
1119 3320 1219 3383 ἐστὶν
1239 3323 1391 3402 ἀρωγός,

303 3451 409 3510 Verum
424 3449 562 3507 ridendus
577 3467 649 3523 sum,
670 3451 720 3523 qui
740 3450 786 3508 bis
806 3451 922 3509 somniis
942 3457 1055 3525 tempus
1076 3452 1225 3526 perdam«.
1257 3453 1429 3513 Graeiins

302 3563 331 3619 p.
347 3546 411 3603 357.
446 3543 593 3602 Hermann
613 3562 641 3618 p.
657 3553 703 3612 22,
725 3561 809 3616 quem
832 3550 947 3604 secutus
968 3553 1013 3605 est
1026 3547 1128 3620 Lehrs,
1149 3563 1263 3606 versum
1283 3551 1332 3621 qui
1352 3566 1428 3608 nunc

304 3644 350 3697 est
370 3641 425 3698 387
449 3655 483 3698 eo
498 3654 554 3710 quo
567 3654 643 3697 nunc
663 3645 708 3697 est
721 3640 783 3699 loco
802 3640 965 3713 ponendum
981 3657 1046 3699 esse
1059 3647 1140 3701 recte
1154 3643 1311 3715 perspexit,
1335 3659 1430 3701 emen·

303 3730 450 3790 dationem
477 3736 574 3788 tamen
598 3729 722 3802 perfecit
746 3730 905 3790 Schneider
929 3750 957 3806 p.
977 3739 1050 3808 415,
1080 3734 1130 3806 qui
1154 3749 1254 3793 versus
1282 3736 1358 3793 sicut
1383 3736 1430 3795 hic

300 3824 441 3896 leguntur
461 3823 617 3897 disposuit,
643 3840 706 3882 cum
730 3824 908 3884 incommode
928 3843 954 3883 v.
970 3827 1024 3885 377
1046 3826 1113 3885 olim
1132 3833 1316 3900 poetasse
1336 3831 1430 3888 lectus

302 3917 355 3988 sit,
382 3922 552 3989 »postquam
578 3918 653 3976 enim
681 3935 699 3976 a
723 3924 816 3976 matre
841 3919 998 3978 Hermione
1023 3920 1134 3979 audivit
1157 3921 1251 3993 ipsam
1277 3938 1296 3979 a
1322 3922 1430 3981 Paride

303 4026 367 4068 esse
386 4019 509 4083 raptam,
529 4028 586 4071 non
606 4013 663 4071 iarn
682 4013 779 4085 potnit
798 4013 899 4085 vagari
919 4019 950 4072 et
969 4029 1110 4085 quaerere
1130 4021 1280 4073 matrem«.
1308 4048 1343 4057 -
1369 4014 1429 4076 att

299 4122 393 4181 ματην
412 4101 551 4169 επλάζετο
570 4103 619 4175 Μ,
641 4103 734 4181 μάτην
754 4099 894 4170 ἐπλάζετο
920 4105 1002 4164 codd.
1025 4113 1055 4166 et
1079 4106 1145 4165 edd.
1165 4107 1244 4181 rell.,
1266 4109 1329 4182 qui,
1355 4110 1431 4169 sicut
