3208 4848
603 407 839 474 -125-

312 591 412 674 ησώτη
434 591 589 672 Τρωὶόδων
608 591 782 671 Κασσάνδρη
802 591 936 671 φοιβὰς
956 590 1082 650 ἰδοῦσα

313 686 423 765 κόσμον
442 684 542 746 ἅπαντ’
566 685 622 745 ἀπὸ
642 684 753 764 κρατὸς
772 680 883 766 ἔχευεν,
903 681 989 744 ἔλυσε
1008 683 1043 744 δὲ
1062 684 1176 766 χαίτας,

311 780 401 862 πάντη
420 778 451 839 δ’
470 776 544 841 ἔνθα
563 780 612 839 καλ
631 775 705 840 ἔνθα
724 776 892 859 ἑλισσομένη
911 779 976 857 περὶ
993 777 1118 858 πύργους

313 874 426 935 πυκνὰ
445 873 554 954 κόμην
574 873 743 933 τίλλοοσα
762 877 839 933 τοῖον
859 870 963 954 &elale
979 872 1083 950 μῦθον.

159 1003 306 1063 Hermann
326 1021 354 1077 p.
370 1009 406 1063 22
427 999 598 1081 Κασσάνδρη
618 998 791 1080 θεόφοιτσς,
815 996 866 1059 ‹iot’
893 999 1077 1079 ἀκροπόληος
1103 999 1204 1059 ἰδοῦσα
1222 1017 1281 1061 om·

159 1098 227 1159 uiuo
247 1097 430 1158 scribendum
450 1113 514 1157 esse
533 1097 606 1157 dixit
623 1096 766 1171 probante
784 1096 944 1156 Touruerio
964 1114 992 1170 p.
1008 1104 1054 1169 48,
1074 1112 1168 1169 neque
1187 1100 1285 1155 tamen

160 1191 307 1264 vulgatam
332 1190 462 1250 deseruit
486 1191 588 1252 Lebra.
628 1182 696 1264 Ego
718 1190 871 1268 νεόφοιτος
901 1191 1003 1265 scripsi
1029 1190 1066 1249 ad
1092 1190 1285 1264 Trypbiodori

160 1283 341 1356 Taetaaeque
373 1285 547 1358 exemplum,
577 1284 630 1343 aed
654 1280 812 1362 θεόφοιτος
835 1283 976 1342 reducere
1004 1299 1061 1341 nou
1092 1298 1154 1340 sum
1167 1276 1168 1280 ’
1181 1298 1281 1355 ausus,

107 1422 110 1427 .
161 1394 225 1437 eum
245 1377 332 1437 etiam
351 1377 381 1436 iu
401 1378 566 1452 vulgaribus
579 1377 776 1452 Tryphiodori
796 1376 943 1451 eodioibua
964 1373 1116 1453 νεόφοιτος
1135 1378 1223 1434 extet
1246 1407 1280 1417 -

160 1466 207 1530 ἐτ’
230 1471 314 1532 oodd.
334 1478 365 1532 et
389 1471 454 1532 edd.
475 1488 573 1533 omnes
597 1477 717 1545 praeter
742 1471 939 1545 Stephanum,
965 1470 1015 1544 qui
1039 1468 1182 1543 probante
1208 1468 1281 1528 Her·

160 1582 264 1626 manno
284 1583 312 1640 p.
328 1573 364 1625 22
385 1572 415 1626 et
434 1566 593 1626 Touruerio
613 1583 642 1639 p.
657 1572 712 1638 48,
736 1571 817 1624 reete
843 1562 894 1623 ἀπ’
915 1564 1015 1624 edidit.
1053 1565 1087 1622 In
1107 1563 1238 1635 margine
1258 1560 1283 1621 P

161 1659 230 1719 libri
249 1653 302 1716 ἀπ’
321 1675 435 1718 erasum
456 1674 520 1718 ease
539 1660 663 1718 videtur.
684 1692 720 1703 —
741 1658 922 1739 ἀκροποληος
934 1660 976 1729 Μ,
998 1655 1177 1735 ἀκροπόληος
1190 1656 1229 1728 V3
1250 1687 1284 1697 —

162 1751 223 1813 333
245 1751 343 1831 τροίης
362 1749 390 1810 δ’
413 1754 455 1826 Μ,
476 1753 555 1833 τροίη
575 1749 602 1812 δ’
626 1771 662 1814 ex
682 1752 762 1833 τροίη
781 1751 811 1811 δ’
833 1754 870 1827 Ο;
889 1750 952 1831 τοῐη
965 1754 1004 1826 Q3
1025 1748 1053 1809 δ’
1076 1758 1180 1826 postea
1199 1747 1281 1808 oddi-

162 1851 224 1906 tum
244 1852 290 1906 est
307 1848 337 1905 iu
357 1848 398 1921 N3
418 1845 564 1925 οψιδύμων
583 1847 633 1920 Μ;
656 1847 766 1905 πολέων
790 1848 824 1906 Μ
849 1853 879 1907 et
898 1847 964 1907 edd.
985 1853 1053 1906 aute
1072 1846 1212 1919 Lennep,
1232 1842 1281 1901 τό·

164 1938 237 1998 ooo
250 1939 285 2014 v,
304 1939 414 2018 nereo
429 1942 467 2014 o;
487 1925 602 2021 κληῖδος
615 1940 657 2013 u,
683 1939 801 2019 κηοας
814 1941 848 2015 ν,
869 1939 986 2018 κληῖδας
1004 1936 1252 2011 iouurosw
1266 1958 1285 1994 ο

163 2033 245 2094 Harl.
266 2066 303 2078 -
323 2032 386 2094 394
400 2032 685 2114 δεξοτονσστησαντα
696 2036 744 2109 Μ;
763 2035 876 2114 πολίτην
889 2035 962 2108 MQ.
992 2035 1186 2109 Subscriptio:
1201 2030 1287 2097 τέλος

163 2129 217 2209 τῆς
241 2130 292 2208 τῆς
317 2130 380 2202 (τοῦ
399 2130 439 2203 R)
464 2126 563 2209 ἑλένης
587 2127 699 2252 (ἰλένης
719 2130 754 2201 O)
779 2129 909 2211 ἁρπαγης
931 2128 1100 2201 AONQR,
1125 2125 1210 2191 τέλος
1235 2127 1288 2205 τῆς

165 2257 216 2336 τῆς
236 2255 365 2336 ἁρπαγῆς
384 2258 436 2338 τῆς
454 2252 554 2338 έλένης
573 2256 728 2316 κολοοθίοο
747 2258 785 2328 L,
813 2256 897 2325 τέλος
921 2260 974 2314 τοῦ
997 2254 1062 2333 περὶ
1085 2255 1138 2333 τῆς
1156 2251 1286 2331 ἁρπαγῆς

166 2350 217 2429 τῆς
236 2350 436 2428 καλλιπάρειος
454 2347 553 2429 έλένης
572 2352 645 2425 SW,
669 2349 715 2410 ἐπὶ
733 2350 864 2431 φοόσκης
884 2368 1049 2429 κροτοοσης
1067 2349 1106 2423 P,
1131 2344 1215 2412 τέλος
1234 2348 1288 2402 τοῦ

166 2440 300 2501 έπσποιοῦ
320 2448 372 2501 τοῦ
391 2440 542 2503 Κολοόθοο
563 2448 616 2502 τοῦ
629 2442 744 2524 Ἑλένης
763 2442 876 2524 iopam
896 2443 1065 2523 λελεγμένου
1085 2441 1120 2502 G.
