3208 4848
633 394 944 455 .-76-

277 575 424 646 eonvenit3
452 591 545 648 neque
565 575 725 647 ferendum,
745 577 822 649 quod
842 578 966 638 coniecit
986 577 1114 651 Lennep.
1135 573 1250 649 ἐκεῖναι,
1273 579 1340 649 quia
1359 579 1401 636 sie

277 686 302 724 v.
319 675 374 727 188
394 683 508 727 sensum
523 669 691 729 nonhabet.
722 672 824 742 Itaque
839 672 953 730 omnino
974 687 1072 728 verum
1093 676 1137 728 est
1153 666 1272 744 Ἀθῆναι,
1293 687 1350 728 non
1364 671 1400 730 de

278 760 419 819 Minervis
444 762 588 834 pluribus,
612 762 689 834 quod
714 764 743 820 in
762 764 817 821 hac
837 764 874 821 ad
895 763 1055 821 Minervam
1076 764 1207 823 oratione
1227 764 1400 823 absurdissi-

277 869 353 910 mum
376 854 444 924 (etsi
464 855 619 926 aliquando
641 856 780 914 eiusmodi
804 858 919 916 nomina
944 859 1063 930 propria
1089 858 1195 929 plurali
1219 874 1338 916 numero
1358 851 1401 913 dr-

277 951 407 1017 ountur);
438 946 490 1004 sed
515 947 551 1006 de
578 949 666 1007 urbe
691 949 921 1007 Athenarum.
966 949 1042 1009 Urbs
1068 957 1164 1008 autem
1195 967 1259 1009 cum
1285 950 1400 1022 dicitur,

276 1039 477 1111 intelliguntur
497 1041 618 1100 incolae.
652 1042 775 1100 Vellicat
788 1043 886 1119 itaque
900 1043 1060 1100 Minervam
1080 1043 1177 1101 Venus
1195 1045 1246 1116 ita,
1268 1049 1300 1102 ut
1314 1042 1400 1101 Athe-

276 1131 399 1204 nienses,
422 1132 528 1204 quibus
549 1135 600 1191 illa
620 1135 758 1208 superbit,
779 1141 925 1207 tamquam
944 1137 1073 1195 homines
1092 1137 1222 1196 imbelles
1236 1143 1267 1195 et
1280 1138 1398 1209 ignavos

275 1224 378 1282 rideat.
409 1226 462 1293 Tu,
483 1227 585 1299 inquit,
605 1225 687 1286 fortis
710 1234 739 1285 et
761 1229 864 1286 victrix
884 1227 976 1285 videri
990 1230 1086 1303 eupis3
1106 1235 1137 1287 at
1155 1245 1248 1301 neque
1267 1235 1299 1287 tu
1314 1229 1395 1287 fortis

278 1331 309 1374 es
329 1332 422 1388 neque
443 1323 494 1375 tua
515 1320 566 1376 illa
588 1321 656 1378 urbs
677 1322 792 1394 inclyta.
833 1323 873 1380 Et
893 1323 961 1393 quia
986 1323 1065 1381 urbis
1090 1339 1193 1382 nomen
1218 1324 1330 1397 plurale
1356 1329 1401 1380 est

278 1414 308 1466 et
323 1407 517 1483 foemininum,
530 1408 649 1490 Ἀθῆναι,
665 1415 689 1471 si
703 1431 855 1487 personam
870 1415 1000 1488 induunt,
1014 1415 1149 1473 mulieres
1162 1416 1254 1474 videri
1268 1421 1401 1489 possunt3

157 1582 167 1589 „
277 1507 308 1559 at
327 1519 384 1561 non
410 1510 476 1562 sunt
503 1521 589 1564 verae
615 1508 763 1566 mulieres!
797 1508 866 1580 quid
892 1509 1001 1579 igitur?
1031 1510 1146 1566 mares?
1176 1524 1271 1580 neque
1296 1523 1400 1578 mares,

277 1610 370 1667 neque
392 1595 543 1670 foeminae,
564 1600 620 1657 etsi
640 1601 774 1658 membris
795 1607 937 1659 enatura
957 1602 986 1657 in
1007 1606 1159 1672 utrumque
1180 1616 1279 1658 sexum
1300 1600 1400 1658 distin·

278 1693 404 1759 guantur
417 1692 617 1751 Athenienses.
651 1694 754 1753 Totum
769 1701 813 1754 est
825 1696 921 1754 Nonni
935 1711 1064 1767 acumen,
1074 1695 1134 1766 ⁴qui
1147 1693 1219 1752 illud
1234 1691 1400 1769 κεκριμένον

275 1783 371 1839 multis
397 1783 488 1842 modis
514 1787 665 1858 usurpavit
688 1787 718 1844 in
747 1787 957 1859 Dionysiacis«.
1004 1787 1096 1845 Recte
1120 1802 1190 1844 sanc
1215 1786 1401 1844 vehementer

275 1874 395 1932 miratus
421 1882 467 1934 est
486 1877 633 1936 Hermann
653 1895 680 1951 p.
703 1881 737 1937 17
762 1880 855 1951 »quod
881 1878 997 1939 Graefio
1022 1880 1187 1938 acutissimo
1211 1879 1341 1951 leporum
1371 1885 1401 1936 et

275 1969 434 2026 venustatis
448 1969 566 2041 arbitro,
583 1967 694 2048 Ἀθῆναι
714 1989 771 2031 non
793 1972 955 2045 Minervae,
976 1972 1028 2031 sed
1048 1973 1116 2031 urbs
1136 1972 1314 2029 Athenarum
1335 1987 1400 2029 esse

276 2061 354 2118 visae
380 2068 473 2120 sunt«.
502 2095 534 2104 -
563 2063 620 2121 188
642 2067 819 2123 rotatiles
844 2065 910 2123 edd.
937 2065 1044 2124 iodea
1064 2064 1214 2133 Bellero,
1241 2065 1296 2122 nisi
1324 2065 1401 2136 qnod

275 2153 450 2225 reliquorum
471 2155 601 2214 codicum
621 2161 651 2215 et
676 2158 820 2216 editorum
846 2159 998 2218 lectionem
1026 2157 1075 2214 καὶ
1100 2154 1133 2215 οὐ
1157 2159 1279 2215 retinuit
1298 2155 1400 2224 luben,

278 2245 406 2304 Bekkeri
426 2251 500 2304 τοῖαι
521 2249 687 2308 coniectura
700 2252 763 2309 sola
776 2252 830 2308 niti
843 2250 917 2311 falso
931 2258 1020 2310 ratus.
1051 2252 1219 2310 Lectionem
1234 2267 1252 2307 a
1265 2249 1401 2309 Bekkero

276 2345 423 2413 receptam
447 2342 488 2400 sic
502 2344 590 2401 vertit
602 2343 710 2401 Lehrs:
740 2345 922 2417 »Ignorasne
943 2345 1020 2416 quod
1034 2346 1130 2418 potius
1144 2345 1318 2416 impotentes
1334 2350 1401 2401 sunt

277 2433 426 2492 Minervae
441 2436 523 2507 tales,
544 2437 680 2507 gloriosis
694 2454 726 2495 se
740 2437 918 2496 delectantes
933 2438 1055 2496 bellici«
1088 2436 1156 2495 Iure
1169 2438 1259 2508 igitur
1280 2436 1393 2493 mireris

276 2526 428 2586 aGraefio
449 2546 477 2599 p.
492 2535 548 2587 248
568 2530 640 2587 talia
660 2529 747 2588 scribi
771 2532 914 2603 potuisse:
949 2532 1040 2587 »τοῖσι
1065 2530 1142 2602 quod
1163 2529 1232 2589 (lod.
1252 2529 1328 2587 Mut.
1349 2528 1399 2587 ob-

277 2620 353 2691 tulit,
374 2617 477 2692 fateor,
497 2637 543 2678 me
563 2637 620 2680 non
639 2622 818 2695 intelligere3
840 2622 888 2678 uel
907 2618 950 2695 οὔ,
974 2623 1050 2695 qnod
1070 2624 1156 2695 vulgo
1171 2622 1321 2693 edebatur,
1342 2636 1401 2679 me·

277 2713 358 2770 tricia
373 2713 534 2771 rationibus
549 2713 741 2771 damnandum
756 2721 810 2788 est,
831 2731 926 2786 neque
940 2717 1057 2787 negatio
1072 2721 1194 2788 propter
1207 2729 1267 2785 seq.
1281 2710 1401 2789 ἀγαλλό-

274 2823 366 2879 μεναι,
387 2806 458 2863 sat-is
479 2805 593 2864 videtur
613 2807 780 2879 probabilis.
814 2809 966 2880 Nunquam
988 2806 1042 2864 καί
1061 2813 1129 2866 ente
1150 2808 1278 2866 vocalem
1297 2805 1334 2864 ab
1354 2804 1400 2862 his

279 2898 372 2970 poetis
393 2898 564 2970 productum
578 2899 732 2971 reperitur,
753 2905 787 2956 ut
798 2899 829 2956 id
843 2899 880 2958 ad
895 2898 1052 2972 Trypbiod.
1067 2916 1093 2956 v.
1110 2905 1163 2958 132
1178 2898 1399 2956 observavimus.

277 2991 393 3061 ltaque,
419 2991 474 3048 nisi
495 2991 565 3051 (lod.
585 2993 661 3050 Mut.
682 2995 766 3050 unice
786 2993 947 3051 audiendus
968 2999 1022 3064 est,
1042 3008 1141 3050 verum
1161 2990 1335 3049 censendum
1356 2996 1401 3048 est

277 3081 321 3155 id,
346 3083 422 3154 quod
443 3086 507 3156 pari
527 3085 734 3157 probabilitate
754 3090 785 3143 et
804 3087 834 3142 in
854 3080 957 3142 καλοῦ
977 3092 1008 3143 et
1026 3086 1057 3143 in
1078 3087 1152 3141 τοῖσι
1177 3084 1331 3156 depravari
1350 3100 1401 3156 pc·

276 3176 341 3233 tuit
381 3176 549 3249 Legendum
569 3179 668 3249 itaque
689 3177 817 3235 videtur:

450 3299 622 3378 ἀγνώσσεις,
643 3301 688 3360 ὅτι
705 3303 814 3378 μᾶλλον
834 3301 987 3369 ἀνάλκιδές
1006 3304 1078 3361 εἰσιν
1095 3300 1213 3381 Ἀθῆναι,

449 3396 482 3453 εἰ
500 3396 558 3453 καλ
578 3396 770 3472 κυδσλιῇιοισιν
790 3395 980 3473 ἀγαλλόμεναι
999 3394 1170 3469 πολέμοισιν,

277 3508 367 3567 licet
386 3508 643 3581 superbientes
663 3510 837 3581 gloriosis
851 3509 976 3577 bellis,
991 3508 1295 3580 imbellespotius
1309 3511 1400 3564 sunt.

278 3600 317 3659 Et
337 3600 365 3658 εἰ
383 3599 441 3669 καὶ,
461 3607 494 3659 nt
514 3603 657 3674 oomnmpi
678 3603 774 3674 potuit
799 3602 828 3658 in
854 3598 910 3657 οἷαι
931 3606 961 3658 et
981 3603 1067 3672 τοῖαι,
1094 3605 1233 3671 sequente
1258 3599 1400 3671 imprimis

278 3694 364 3752 simili
389 3695 500 3767 syllaba
526 3715 561 3751 κο
588 3695 656 3766 (vid.
677 3696 766 3753 talem
792 3710 920 3754 emonem
946 3693 976 3752 G.
990 3694 1064 3751 Mut.
1091 3710 1116 3751 v.
1131 3695 1216 3764 397),
1241 3692 1284 3749 ita
1309 3698 1401 3749 mans·

278 3787 402 3859 positum
422 3786 471 3843 καὶ
490 3785 523 3843 εἴ
535 3786 621 3846 facile
641 3787 858 3860 depravandum
876 3788 982 3845 eratin
1003 3785 1051 3842 καὶ
1071 3780 1114 3858 οὔ,
1134 3791 1168 3844 ut
1187 3779 1221 3841 οὔ
1241 3791 1272 3842 et
1291 3779 1324 3840 εἴ
1336 3799 1402 3842 con·

279 3877 344 3937 fusa
363 3884 431 3941 sunt
450 3880 524 3939 inira
549 3898 575 3938 v.
591 3888 655 3939 300.
677 3882 725 3951 qui
751 3882 831 3940 locus
856 3881 949 3938 levem
974 3895 1036 3936 cum
1062 3886 1161 3937 nostro
1186 3876 1401 3936 similitudinem

279 3974 385 4045 spirat3
409 3973 475 4045 sed,
502 3974 579 4045 quod
599 3973 714 4045 doleas,
741 3990 775 4031 eo
800 3990 857 4032 non
881 3972 1022 4043 integrior
1047 3971 1085 4029 ad
1110 3988 1161 4031 nos
1188 3971 1328 4045 pervenit.
1370 3968 1402 4026 Si

281 4065 417 4136 vulgatae
438 4063 630 4138 praeferenda
656 4070 701 4122 est
726 4065 885 4122 auctoritas
907 4061 977 4122 God.
992 4063 1076 4136 Mut,
1101 4064 1229 4137 proxime
1250 4062 1334 4121 offert
1354 4076 1401 4119 so:
