3210 4836
772 403 983 465 „45-

433 585 508 653 Ζεὺς
526 586 560 645 δὲ
580 587 658 646 θεῶν
679 587 727 646 καὶ
746 589 841 651 νεῖκος
861 585 947 660 ἴδεν,
968 586 1124 645 reiraida
1144 588 1296 656 καλέσσας

952 681 1140 757 προσέννεπεν
1155 680 1313 757 Ἑρμάωνα,

311 809 376 849 nam
398 792 474 864 quod
496 790 572 848 θεῶν
592 792 787 865 praepositum
811 799 855 850 est
873 793 991 850 voculae
1008 791 1065 866 καί,
1087 794 1143 849 iam
1158 794 1284 852 Homero
1299 794 1437 851 usitatum

312 885 365 944 hoo
384 884 539 958 hyperbati
559 903 650 958 genus
671 894 723 956 est,
745 873 802 957 qno
821 888 850 942 iu
865 886 1001 944 oratione
1017 885 1178 957 bimembri,
1198 903 1273 957 qnae
1287 888 1437 958 particulis

312 979 489 1038 correlativis
516 978 648 1048 καὶ-καί,
674 973 745 1054 ἢ-η,
771 973 926 1034 οὔτε-οὔτε
957 985 987 1037 et
1012 979 1152 1037 similibus
1179 981 1244 1037 aliis
1277 982 1437 1052 copulatur,

311 1073 400 1144 priori
420 1073 547 1131 membro
567 1079 785 1145 praeponuntur
805 1090 862 1130 non
882 1074 973 1131 solum
997 1089 1072 1144 quae
1092 1075 1207 1146 utrique
1222 1074 1348 1132 membro
1363 1090 1437 1132 conr-

311 1168 407 1222 munia
427 1174 501 1238 sunt,
522 1166 575 1224 sed
596 1167 683 1223 etiam
711 1182 785 1237 quae
807 1167 844 1222 ad
866 1168 956 1224 solum
978 1167 1125 1238 pertinent
1145 1168 1253 1239 prius«.
1288 1166 1438 1224 Schnei-

311 1259 372 1316 der
392 1277 419 1331 p.
436 1267 500 1318 432.
532 1260 602 1318 Cum
628 1261 705 1332 apud
730 1259 829 1331 plures
844 1265 955 1332 poetas,
982 1268 1012 1318 et
1025 1264 1198 1332 praesertim
1213 1261 1291 1333 apud
1304 1262 1435 1318 Nonnum

312 1354 429 1424 eiusque
450 1359 609 1411 sectatores
629 1355 659 1410 in
680 1353 797 1411 secundi
818 1354 979 1411 hexametri
1004 1338 1086 1426 pedis
1113 1355 1188 1412 thesi
1209 1355 1295 1425 longa
1316 1353 1437 1411 vocabu-

310 1448 401 1506 lorum
422 1443 523 1506 ultima
542 1448 654 1519 syllaba
680 1464 832 1519 numquam
860 1449 956 1521 posita
978 1454 1063 1520 esset,
1092 1448 1214 1520 Hilberg
1239 1448 1281 1516 (in
1301 1448 1374 1504 libro
1395 1448 1437 1503 in·

310 1543 418 1613 scripto
438 1541 498 1599 Das
522 1542 638 1613 Prinoip
659 1541 711 1598 der
735 1541 969 1614 Silbenuagung.
1001 1541 1087 1600 Wien
1109 1544 1182 1600 1879
1197 1559 1223 1613 p.
1243 1544 1307 1614 106)
1335 1540 1438 1598 vitiosa

311 1636 398 1692 etiam
418 1635 555 1707 synizesi:
1380 1642 1382 1648 ⁴

348 1751 447 1809 θεάων
467 1751 541 1819 Ζεὺς
560 1751 588 1810 δ’
614 1751 672 1830 ἄρα
693 1757 788 1819 νεῖκος
808 1751 885 1826 ἰδών,
906 1751 937 1811 ὃν
958 1753 1045 1810 παῖδα
1067 1752 1216 1819 καλέσσας
1236 1754 1368 1813 coniecit.

312 1879 368 1937 Sed
383 1886 462 1938 recte
479 1881 625 1952 vulgatam
639 1897 696 1938 non
709 1880 874 1938 mutandam
890 1896 954 1938 esse
969 1882 1081 1940 censuit
1099 1881 1268 1941 Scheindler
1280 1884 1299 1940 l.
1314 1884 1332 1940 l.
1349 1885 1384 1942 70
1399 1914 1435 1925 -

309 1971 586 2049 εσφεὸρίσσονταΜ,
597 1970 819 2050 ἐρηδρησσοντα
831 1976 865 2046 A,
880 1971 1080 2051 ἐρεδρησοντα
1095 1976 1159 2033 edd.
1172 1983 1239 2034 ante
1252 1977 1360 2048 Steph,
1371 1973 1436 2032 ὑπο-

309 2061 474 2144 δρησσοντα
494 2067 567 2125 coni.
589 2066 717 2140 Lennep,
741 2076 790 2126 »ut
810 2069 848 2125 sit
869 2069 951 2139 quasi
978 2067 1054 2124 θεῶν
1080 2066 1222 2146 ὑπηρέτης
1241 2071 1434 2128 Mercurius«.

308 2161 341 2217 In
360 2160 437 2217 idem
457 2159 600 2217 inciderat
620 2160 767 2218 Hermann
787 2180 815 2234 p.
832 2169 883 2231 12,
910 2161 959 2232 qui
978 2161 1157 2234 Lennepium
1177 2164 1243 2222 ideo
1264 2170 1376 2222 tanturn
1397 2165 1436 2221 vi-

309 2260 438 2331 tuperat,
466 2254 541 2326 quod
562 2254 616 2313 hoc
636 2253 776 2311 vocabulo
801 2250 896 2308 »θεῶν
917 2249 1055 2330 ὑπηρέτην
1083 2254 1238 2326 significari
1259 2257 1356 2314 voluit.
1396 2256 1435 2313 At

308 2364 402 2419 neque
416 2348 469 2406 hoo
484 2348 669 2420 participium
686 2345 767 2418 fungi
782 2352 880 2419 potest
895 2346 1067 2430 substantivi
1081 2346 1185 2421 officio,
1206 2366 1260 2407 nec
1273 2351 1435 2422 praesentis

309 2442 491 2513 participium
512 2441 550 2497 ad
571 2457 607 2498 ea
626 2438 738 2511 referri,
759 2456 833 2511 quae
862 2438 991 2497 facturus
1014 2441 1053 2497 sit
1071 2441 1152 2498 iussu
1172 2442 1247 2500 lovis
1265 2443 1436 2516 Mercurius,

308 2533 360 2590 sed
385 2534 512 2605 pertinet
536 2532 573 2590 ad
599 2549 807 2604 praegressum
840 2530 1004 2597 καλέσοαςε
1036 2536 1180 2592 vocanti
1211 2537 1309 2608 patri
1339 2537 1435 2595 dicto

309 2627 550 2685 audientem«.
582 2623 802 2704 ὑποδρησσοντα
822 2626 912 2698 igitur
932 2627 1043 2698 recepit
1063 2626 1165 2685 Lehrs.
1195 2628 1290 2686 Aliter
1305 2627 1435 2687 Graefins

309 2738 336 2792 p.
353 2727 408 2777 244
431 2721 472 2777 »si
493 2724 617 2791 negatur
631 2716 825 2796 ἐφεδρήσσειν
846 2719 1036 2776 assidendi
1056 2736 1151 2792 sensu,
1172 2720 1249 2791 quod
1262 2718 1325 2777 fieri
1338 2722 1436 2791 nolim,

308 2812 463 2884 legendum
483 2812 607 2873 fortasse
626 2810 851 2892 ὁρεδρησσοντα
871 2813 907 2870 de
927 2813 1089 2885 Mercurio,
1110 2815 1140 2870 in
1160 2812 1289 2872 inferiori
1309 2815 1382 2887 loco,
1403 2823 1436 2873 ut

309 2909 470 2966 ministrum
503 2907 639 2979 decebat,
665 2908 794 2965 sedente.
840 2906 920 2965 idem
948 2907 1005 2964 elio
1030 2906 1118 2965 verbo
1145 2907 1262 2965 volebat
1286 2909 1432 2982 Lennep.«

308 3002 486 3060 Vocabulum
511 3005 540 3057 in
559 3002 752 3072 suspicionem
773 3000 898 3059 vocabat
919 3001 1007 3057 etiarn
1029 3000 1161 3074 Bekker,
1188 3002 1268 3059 cuius
1294 3002 1367 3060 haee
1391 3009 1436 3061 est

308 3101 389 3151 nota:
424 3094 566 3166 »Vulgata
591 3089 673 3151 verbi
698 3091 791 3151 forma
812 3094 932 3152 Nonnus
960 3093 1052 3150 utitur
1079 3098 1143 3166 (11,
1171 3097 1224 3152 127
1248 3099 1277 3152 et
1299 3103 1361 3154 148.
1377 3103 1434 3168 20,

309 3195 353 3247 36.
376 3195 421 3259 26,
442 3195 506 3245 332.
535 3194 587 3258 39,
608 3189 657 3256 91)
680 3187 764 3256 eique
786 3185 943 3256 insidendi,
969 3193 1002 3245 ut
1026 3193 1179 3261 parerat,
1206 3206 1264 3247 non
1289 3188 1435 3246 assidendi

307 3286 482 3352 potestatem
503 3279 562 3336 dat.
583 3278 715 3337 assidere
738 3279 813 3336 enim
835 3285 880 3337 est
898 3277 1107 3356 παρεδρησσειν
1128 3288 1161 3350 9,
1189 3289 1271 3339 112«.
1311 3281 1372 3352 [ubi
1391 3285 1435 3339 ta-

307 3390 373 3431 men
392 3390 468 3431 nunc
489 3389 524 3443 en
538 3372 697 3430 Hermanni
721 3372 921 3431 emendatione
937 3371 1181 3452 παραδρησσοοσα
1198 3374 1314 3448 editur].
1344 3374 1435 3433 Tour-

307 3469 370 3526 nier
390 3486 417 3540 p.
441 3470 474 3526 17
496 3460 719 3544 ἐπεγρησσοντο
743 3466 876 3538 coniecit,
902 3483 958 3538 quo
984 3468 1124 3527 vocabulo
1151 3468 1225 3525 sicut
1251 3469 1338 3526 etiam
1364 3486 1434 3528 voce

307 3557 512 3637 ε’πεηρηγορώς
537 3561 624 3618 animi
651 3559 757 3617 attenti
782 3559 924 3617 hominem
949 3565 1029 3618 recte
1055 3559 1203 3631 designari
1232 3566 1324 3633 putat.
1369 3563 1433 3635 Ego

307 3654 380 3710 nibil
399 3655 516 3723 mutavi,
538 3660 654 3727 poterat
675 3656 750 3714 enirn
771 3651 946 3733 ἐφεδρήσσω
967 3653 1115 3712 assidendi
1133 3653 1371 3726 significationem
1384 3657 1434 3715 ha-

307 3748 376 3805 bere
389 3765 445 3806 non
460 3749 546 3806 aliter
559 3755 646 3820 atque
661 3745 826 3826 ἐφεδρεύω.
833 3770 845 3820 ,·
858 3782 895 3792 -
909 3767 1099 3826 προσεννεπεν
1112 3747 1198 3820 MW,
1218 3747 1390 3824 προσέννεπε
1400 3750 1433 3823 Ρ,

261 3842 264 3851 ’
306 3838 477 3917 προσένεπεν
493 3841 530 3913 Q;
557 3837 693 3917 ἐρμάωνα
714 3842 792 3913 MC,
816 3875 849 3883 -
878 3840 913 3900 71
934 3840 961 3897 εἰ
979 3860 1042 3898 τινα
1061 3861 1114 3897 που
1134 3842 1181 3913 Μ,
1207 3841 1348 3919 παρῑδαῖοι
1371 3842 1435 3920 ρεέ-

307 3933 391 4007 θροις
403 3936 445 4009 M,
466 3937 541 3995 unde
558 3934 688 3994 Ἰδαίοισι
709 3956 762 4010 pro
772 3934 885 3994 Ἰδαίοιο
900 3937 1084 3996 scribendum
1101 3952 1165 3996 esse
1180 3936 1347 3995 dubitanter
1360 3936 1432 3996 coni.

306 4028 448 4087 Teurnier
466 4048 493 4102 p.
503 4033 561 4102 17.;
577 4030 677 4095 c’dacbcc
692 4030 733 4103 (ὴ
749 4063 784 4074 -
800 4028 840 4089 72
855 4029 944 4105 πόρον
957 4030 1005 4102 Μς
1019 4030 1108 4089 verba
1121 4028 1172 4087 τὸν
1186 4027 1291 4106 ἀγλαὸν
1305 4028 1434 4108 ἡβητῆρα

307 4140 361 4183 om.
376 4125 417 4196 M,
432 4125 480 4195 qui
502 4141 601 4183 eorum
624 4125 687 4183 loco
703 4140 738 4181 ex
752 4125 902 4197 superiore
922 4140 1008 4181 versu
1027 4123 1168 4200 πορὶόαἴοι
1184 4122 1323 4200 ρεέθροις
1335 4124 1431 4182 babet.
