3210 4836
634 428 844 490 „43-

179 615 268 696 κήπου
283 617 373 675 fnisse
387 624 417 676 ct
431 616 556 688 genuina
569 615 721 686 scriptura,
743 630 816 685 quae
831 612 923 685 qualis
944 610 1032 669 fuerit
1052 611 1114 668 erui
1127 628 1185 669 non
1199 610 1300 682 possit,

180 711 307 783 expulsa,
327 710 356 766 in
371 716 480 768 textum
494 709 605 765 illatam
621 723 693 766 esse.
709 738 746 748 -
761 704 804 764 60
826 703 909 763 ἐνθεν
931 699 975 781 ἔρι
996 699 1221 779 σπτολέμοιοΜ,
1242 696 1301 776 ἔριν

180 854 239 926 SV,
253 817 318 930 ἔριςν
325 853 401 925 PW,
414 849 548 927 πολέμοιο
559 852 614 911 CN
622 852 645 909 P
653 851 717 923 (IS,
732 851 819 923 idque
830 850 937 922 recepi.
952 845 1038 925 ἔρνος
1047 849 1087 920 Μ,
1099 845 1185 923 ἔρνος
1194 847 1302 919 PSW3

182 946 281 1003 ἰδοῦσα
293 947 335 1018 Μ,
356 943 462 1002 ἑλοῦσα
475 947 536 1003 rell.
552 946 635 1005 codd.
657 950 687 1002 et
708 945 772 1003 edd'.
809 943 848 1002 el
867 942 1004 1022 μήλωνΑ
1025 947 1104 1012 (ante
1118 959 1200 1013 corr,
1213 939 1302 1018 μῆλον

180 1058 216 1098 m.
232 1046 301 1112 sec.)
318 1040 609 1112 CLNPQRSVW,
629 1046 658 1096 et
673 1039 738 1096 edd.
753 1040 899 1109 antiquae.
929 1037 1129 1095 Emendarunt
1142 1035 1301 1106 Brodaeus,

180 1134 426 1206 Falkenburgius,
453 1133 509 1193 alii.
541 1130 672 1208 ἀρίζηλον
690 1132 737 1202 Μ,
762 1128 870 1188 δἐίνεο
888 1131 929 1187 Μ.
970 1130 1077 1188 Versus
1093 1137 1137 1188 60.
1160 1135 1195 1187 61
1216 1143 1302 1186 vexe-

180 1228 284 1285 tissimi
304 1234 379 1284 sunt.
421 1224 713 1285 conveniendis
740 1240 842 1281 nomen
870 1225 955 1295 plane
981 1221 1156 1295 superfluum
1184 1238 1247 1280 esse
1273 1227 1303 1279 et

180 1321 352 1378 sententiam
367 1321 555 1390 incongruam
569 1316 682 1374 efficere
703 1317 862 1375 crediderit
882 1311 966 1373 ἔνθεν
986 1314 1044 1392 ἄρα
1064 1314 1214 1385 πτολέμοιο
1235 1334 1301 1391 προ·

182 1412 300 1490 οἱγγελον
325 1407 409 1490 ἔρνος
433 1408 540 1467 ἑλοῦσα
560 1411 682 1468 coniecit
704 1411 838 1482 Lennep,
869 1409 969 1467 eadem
991 1410 1028 1467 de
1048 1426 1136 1467 causa
1156 1403 1239 1464 ἔνθεν
1259 1402 1303 1462 ἔτι

183 1504 260 1563 πτολ.
287 1506 433 1577 Βοολιοο,
458 1498 542 1561 ἔνθεν
568 1501 601 1560 δὲ
625 1500 775 1578 πτολέμοιο
810 1504 947 1561 Wernike
974 1503 1011 1560 ad
1041 1501 1196 1575 Tryphiod.
1222 1518 1249 1572 p.
1264 1501 1300 1558 37

181 1600 233 1670 qui
253 1615 356 1657 nomen
370 1598 468 1655 Eridis
489 1614 597 1655 merum
620 1597 764 1668 glossema
782 1598 813 1653 in
833 1602 941 1653 textum
956 1605 1065 1653 temere
1079 1597 1222 1652 invectum
1238 1607 1301 1650 esse

183 1700 213 1749 ei
225 1693 257 1749 M
271 1693 337 1749 libri
357 1693 532 1764 scripturam
552 1689 703 1766 πτολέμοιο
725 1695 790 1762 (pro
804 1688 949 1765 πολέμοιο)
970 1687 1077 1745 indicio
1092 1703 1155 1744 esse
1170 1685 1301 1755 credidit,

182 1801 280 1843 vocem
301 1785 522 1857 praecedentem
539 1778 616 1860 Ἔρις
636 1791 799 1856 corruptam
823 1799 896 1841 esse.
935 1783 1130 1855 Suspicionem
1151 1781 1187 1837 de
1206 1795 1302 1838 corru-

182 1879 261 1950 ptela
272 1879 406 1950 probavit
416 1879 561 1936 Hermann
572 1896 600 1950 p.
614 1886 647 1936 11
665 1878 733 1935 »sed
747 1894 782 1935 ex
796 1877 976 1946 coniecturis,
993 1891 1066 1946 quae
1082 1875 1213 1946 prolatae
1227 1877 1302 1943 sunt,

182 1972 265 2044 duae,
286 1988 360 2043 quae
374 1970 443 2028 ferri
457 1978 585 2044 possunt,
606 1972 748 2043 Lennepii
768 1966 851 2027 ἔνθεν
873 1965 939 2044 ἄρα,
961 1976 991 2026 et
1010 1967 1153 2026 Wernihii
1169 2008 1198 2021 ..
1219 1959 1302 2021 ἔνθεν
1382 1970 1386 1975 “

185 2061 227 2134 δέ,
247 2064 359 2134 longius
381 2063 417 2120 ab
439 2063 574 2121 librorum
597 2063 740 2135 scriptura
759 2061 908 2133 recedunt,
929 2078 982 2118 nec
1000 2062 1104 2119 tollunt
1117 2060 1205 2132 aliud,
1227 2058 1302 2131 quod

183 2158 212 2212 in
234 2156 279 2213 his
300 2157 431 2214 versibus
452 2157 595 2229 displicet,
612 2157 701 2234 μήλον
722 2156 894 2214 inconcione
919 2156 1072 2226 positum«.
1113 2155 1208 2225 Quare
1229 2168 1303 2210 com·

70 2254 75 2264 '
183 2252 292 2322 paretis
311 2251 448 2307 librorum
475 2252 625 2323 scripturis
654 2245 738 2306 ἔνθεν
766 2245 824 2324 ἔριν
849 2246 984 2322 πολέμοιο
1008 2246 1192 2322 προάγγελον,
1219 2242 1304 2319 ἔρνος

185 2341 284 2399 ἰδοῦσα
304 2340 410 2422 Μήλου,
431 2341 572 2420 ἀριζήλων
593 2341 619 2399 τ’
644 2340 816 2419 ἐφράσσατο
837 2338 924 2418 δήνεα
946 2338 1070 2416 μόχθων
1096 2338 1211 2410 scripsit
1230 2338 1303 2394 Her·

185 2453 278 2506 mann,
303 2437 415 2508 recepit
439 2437 541 2494 Lehrs.
583 2437 674 2507 Quam
702 2436 873 2507 scripturam
900 2434 948 2505 qui
974 2435 1059 2490 etiam
1084 2436 1204 2504 propter
1228 2431 1303 2487 male

187 2535 349 2601 correptam
377 2529 583 2601 diphthongum
610 2529 798 2601 vituperavit,
824 2527 982 2586 Schneider
1001 2544 1030 2598 p.
1049 2533 1105 2583 412
1128 2529 1208 2583 recte
1226 2517 1304 2598 Ἔρις

184 2623 321 2695 defendit,
344 2625 476 2682 »tametsi
498 2626 572 2682 enim
593 2625 688 2683 omnia
708 2640 783 2695 quae
803 2622 981 2696 praecedunt
995 2621 1031 2678 de
1051 2619 1152 2677 eadem
1167 2623 1234 2675 sunt
1247 2616 1304 2674 dea

185 2717 270 2789 dicta,
290 2718 385 2790 potuit
405 2723 501 2775 tamen
522 2714 576 2776 hoc
596 2719 659 2777 loco
681 2719 775 2776 denuo
795 2711 964 2774 nomInatim
984 2715 1134 2787 appellari,
1155 2729 1240 2784 quum
1254 2729 1305 2770 no·

185 2827 248 2867 vum
275 2810 341 2867 inde
367 2811 449 2881 quasi
474 2811 611 2883 impetum
638 2819 734 2869 sumat
760 2811 890 2868 narratio
918 2817 947 2867 et
971 2808 1123 2879 descriptis
1149 2822 1222 2877 quae
1248 2821 1304 2863 non

185 2901 309 2977 perfecit
327 2904 396 2961 Eris
417 2905 542 2962 consiliis
564 2904 601 2962 ad
622 2921 687 2962 eum
709 2910 841 2962 transeat
860 2903 933 2960 deae
954 2907 1101 2969 conatum,
1128 2900 1177 2970 qui
1198 2900 1305 2956 exitum

184 2997 339 3056 habebat«.
379 2997 483 3056 Totum
504 3004 600 3056 autem
620 3000 711 3056 locum
734 2999 775 3056 sic
796 2997 947 3056 constituit
967 2994 1171 3053 Schneiderus:

359 3111 442 3174 ἔνθεν
455 3110 535 3192 Ἔρις
554 3114 705 3191 πτολέμοιο
725 3114 899 3193 προάγγελον
921 3110 1004 3190 ἔρνος
1025 3112 1124 3170 ἰδοῦσα
1189 3112 1192 3117 “

353 3208 442 3286 μῆλον
462 3207 593 3284 ἀρίζηλον
638 3246 1122 3267 ...........

358 3342 365 3356 .
387 3342 393 3356 .
415 3342 422 3356 .
444 3297 611 3377 [ἀριζήλων]
632 3296 803 3375 ἐφράσσατο
824 3296 911 3376 δήνεα
928 3296 1061 3375 μόχθων.

190 3417 295 3483 »atque
321 3410 451 3487 ἀρίζηλον
476 3415 594 3482 praeter
619 3409 707 3468 libros
729 3425 747 3466 a
772 3408 906 3467 Bekkero
933 3407 1028 3481 [falso]
1053 3408 1194 3466 indicatos
1218 3408 1306 3465 habet

187 3504 273 3562 etIam
288 3506 497 3577 Neapolitanus
520 3503 603 3578 [quod
624 3519 661 3559 ne
682 3503 775 3575 ipsum
796 3503 911 3574 quidem
932 3517 1029 3559 verum
1051 3503 1107 3574 est]
1129 3501 1239 3572 etipse
1260 3517 1306 3559 co·

188 3598 243 3655 dex
262 3598 443 3655 MntInensis.
470 3600 499 3654 in
526 3597 625 3655 eodem
651 3597 751 3654 codice
777 3602 822 3654 est
848 3595 948 3652 ἰδοῦσα
973 3599 1050 3664 (narn
1075 3594 1179 3665 reliqui
1199 3592 1307 3650 habent

186 3686 306 3762 ἑλοῦσα)
327 3707 383 3762 quo
404 3698 436 3748 ut
456 3708 510 3763 por
530 3696 594 3749 erat
613 3694 732 3761 recepto
754 3689 914 3746 desiderari
934 3694 1017 3760 patet
1034 3687 1165 3746 sumendi
1178 3686 1306 3754 verbum,

187 3789 220 3841 ut
240 3785 285 3842 vel
306 3784 361 3842 hoc
374 3784 494 3842 lacunae
508 3784 644 3841 indicium
659 3782 827 3855 praebeat«.
859 3782 922 3853 Ego
936 3798 1085 3840 assensum
1099 3779 1221 3848 cohibui,
1243 3795 1306 3837 cum

187 3881 217 3934 et
237 3874 337 3933 ἰδοῦσα
355 3878 458 3934 mirum
479 3884 618 3949 quantum
637 3879 783 3949 langueat,
804 3882 834 3935 et
844 3875 933 3953 μῆλον
948 3874 1080 3952 ἀριζηλον
1093 3876 1227 3933 vitiosum
1243 3892 1307 3936 esse

187 3969 390 4042 indemnem,
413 3971 488 4041 quod
511 3970 659 4030 Golluthus
680 3972 775 4030 Nonni
797 3971 957 4043 exemplum
977 3976 1092 4028 secutus
1115 3987 1307 4044 »properosq-

187 4068 256 4121 tona
270 4063 392 4135 aprime
408 4079 547 4122 caesurae
567 4066 630 4124 loco
650 4065 766 4123 videtur
786 4065 970 4136 exclusisse«,
990 4070 1023 4121 ut
1042 4071 1123 4122 recte
1144 4065 1308 4124 observavit

187 4155 299 4214 Tiedke
320 4159 361 4228 (in
375 4157 485 4215 Herma
497 4157 568 4215 XIII
587 4177 615 4231 p.
631 4162 696 4218 278.
712 4161 790 4230 274),
811 4159 859 4230 qui
882 4157 988 4215 ibidem
1013 4158 1171 4215 Hermanni
1194 4174 1308 4229 quoque
