3210 4836
759 428 969 492 ...26-

394 628 465 698 (350]
558 613 693 697 ἀστέρες
716 613 902 687 ἀντέλλουσι,
926 612 975 675 καὶ
996 610 1033 675 ού
1056 611 1242 697 παλίνορσος
1264 612 1368 679 ίκάνει.

556 727 658 810 μῆτερ
674 722 744 811 ἐμή,
761 722 826 786 τίνοι
840 727 949 810 χῶρον
964 719 1056 811 έχεις;
1077 720 1142 786 τίνα
1157 721 1190 784 δ’
1206 719 1305 807 ούρεα
1321 722 1428 803 ναίεις;

231 895 239 908 ,
301 848 374 914 (345)
559 831 753 919 πλαζομένην
775 829 876 919 θῆρές
896 854 934 895 σε
949 831 1147 906 κατέκτανον;
1169 831 1247 895 ἀλλὰ
1269 834 1317 896 καὶ
1339 830 1430 897 αύτοί

558 942 658 1029 θῆρες
681 942 841 1029 ἀριζήλοιο
863 944 933 1017 ύιδς
955 941 1122 1026 τρομέουσι
1145 942 1306 1029 γενέθλην.

488 1073 539 1124 350
557 1052 667 1142 ἤριπες
689 1052 726 1126 ἐξ
746 1052 846 1140 όχέιυν
864 1051 1033 1141 χθαμαλῆς
1055 1052 1104 1117 έπλ
1126 1058 1209 1116 νῶτα
1226 1053 1327 1141 κονίης

394 1292 465 1359 [366]
559 1275 615 1337 σὺν
638 1272 736 1348 δέαας
758 1273 942 1337 οἰοπόλοισιν
965 1273 1009 1337 ἐνί
1031 1274 1343 1357 δρυμοῖσιλιποῦσας

560 1385 638 1448 ἀλλὰ
660 1383 886 1468 πολυπρέμνων
909 1383 1047 1471 ξυλόχων
1071 1384 1129 1447 ὑπδ
1151 1384 1278 1448 δάσκιον
1302 1383 1376 1471 ὑλην

301 1513 375 1579 (350)
562 1494 698 1579 δένδρεα
721 1496 908 1582 παπτήνασα
931 1496 978 1557 καλ
1000 1495 1103 1558 αὑτῶν
1125 1494 1196 1583 ἄχρι
1219 1495 1360 1581 πετήλων

558 1607 614 1668 σόν
637 1604 736 1688 δέμας
758 1605 813 1667 οὐκ
834 1604 952 1691 ἐνόησα
975 1606 1024 1668 καὶ
1046 1605 1082 1666 ου’
1106 1605 1304 1689 νεμεσίζομαι
1326 1604 1394 1693 ὑλη.

490 1735 541 1786 355
558 1718 601 1803 μή
624 1716 741 1800 διεροῖς
762 1717 945 1789 στονόεντος
967 1715 1022 1779 ἐπ’
1046 1716 1199 1799 Εὐρώταο
1219 1715 1371 1803 ῥεέθροις
1481 1710 1483 1714 ’

397 1842 469 1911 (300]
560 1826 731 1916 νηχομένην
755 1826 909 1911 έκάλυφεν
932 1827 1127 1915 ὑποβρυχίην
1151 1850 1189 1889 σε
1212 1828 1344 1916 γαλήνη;

560 1936 637 1999 ἀλλὰ
660 1918 714 2001 καλ,
730 1937 763 2000 έν
786 1943 949 2023 ποταμοῖσι
969 1940 1017 2001 καί
1033 1937 1066 1999 έν
1081 1940 1250 2018 πελάγεσσι
1267 1936 1431 2024 θαλάσσης

303 2063 376 2131 (366)
563 2048 697 2133 Νηϊάδες
720 2049 846 2126 ζώουσι,
870 2049 918 2110 καὶ
940 2048 976 2110 ού
1000 2048 1151 2112 κτείνουσι
1172 2052 1327 2130 γυναῖκας.

596 2155 653 2232 Ὣς
675 2160 695 2246 ή
715 2157 774 2241 μὲν
797 2158 996 2247 στενάχιζεν·
1019 2157 1207 2224 ἀνακλίνασα
1230 2159 1266 2222 δὲ
1288 2159 1395 2246 δειρήν

487 2399 539 2453 360
558 2379 654 2458 ὑπνος
675 2381 742 2444 ἐπεὶ
765 2383 916 2466 καμάτοιο
940 2381 1157 2467 συνέμπορος·
1180 2380 1199 2470 ή
1219 2382 1281 2464 γὰρ
1296 2378 1410 2468 ἐτύχθη

402 2508 474 2579 (305)
566 2491 662 2576 ἄμφω
686 2492 835 2579 ἀναγκαίη
859 2482 966 2580 ξυνήϊα
990 2492 1090 2556 πάντα
1111 2491 1241 2579 λαχόντε

560 2600 638 2689 ἔργα
660 2601 877 2686 παλαιοτέροιο
901 2603 1095 2687 κασιγνήτοιο
1119 2602 1256 2665 διώκειν·

304 2729 377 2798 (330)
561 2710 653 2777 ἔνθεν
676 2713 890 2801 ἀκηχεμένοισι
911 2713 1128 2797 βαρυνόμεναι
1149 2713 1337 2797 βλεφάροισι

564 2824 707 2898 πολλάκις
729 2824 914 2903 ὑπνώουσιν,
937 2825 991 2887 ὅτε
1014 2822 1150 2886 κλαίουσι
1171 2825 1321 2904 γυναῖκες.

305 2953 377 3018 (300)
398 2950 471 3020 [316]
493 2951 544 3003 365
563 2933 621 3005 νὺξ
642 2933 677 2996 δὲ
701 2933 803 2996 πόνων
827 2933 977 3019 ἄμπαυμα
997 2931 1070 3016 μετ’
1091 2931 1206 3019 ήελίοιο
1229 2929 1398 3009 κελεύθους

304 3063 379 3129 (610)
396 3060 470 3128 [317]
561 3043 656 3107 ὑπνον
679 3044 891 3129 ἐλαφρίζουσα
915 3043 1097 3130 παρήγορον
1119 3040 1246 3106 ὤπασεν
1268 3043 1317 3130 ήῶ

564 3153 760 3242 ἀρχομένην·
787 3155 874 3227 δοιὰς
897 3154 933 3217 δὲ
956 3153 1053 3231 πύλας
1075 3149 1167 3242 (ύϊξεν
1189 3154 1330 3240 όνειρων,

562 3266 615 3351 τήν
630 3266 687 3349 μὲν
703 3264 872 3351 ἀληθείης·
891 3251 1064 3350 κεράων’δ’
1082 3265 1279 3348 ἀπελάμπετο
1295 3264 1432 3348 κόσμος·

392 3390 467 3460 [320]
563 3371 654 3437 ἔνθεν
680 3373 924 3459 ἀναθρώσκουσι
946 3375 1035 3441 θεῶν
1058 3374 1228 3463 νημερτέες
1250 3373 1358 3458 ὀμφαί,

304 3501 378 3570 (314)
400 3500 472 3571 [321]
495 3501 547 3556 370
566 3487 619 3571 τὴν
643 3485 678 3548 δὲ
701 3485 941 3573 δολοφροσύνης
964 3529 1401 3551 .........

561 3642 893 3662 .......
958 3601 1072 3661 κενεῶν
1087 3593 1277 3681 θρέπτειραν
1291 3592 1433 3676 όνείρων.

305 3721 379 3787 (362)
400 3720 473 3790 [363]
566 3707 585 3794 ή
606 3707 664 3790 μὲν
687 3707 884 3795 ἀλητεύουσα
907 3706 1179 3792 δολοφροσύνῃσιν
1202 3703 1333 3788 ὀνείρων

399 3832 472 3900 [370]
562 3816 687 3902 μητέρα
710 3817 887 3881 παπταίνειν
909 3816 1046 3881 ὠίσατο·
1071 3818 1137 3879 τοία
1159 3815 1196 3878 δὲ
1218 3814 1315 3902 κούρη
1386 3820 1389 3825 “

565 3924 632 4014 ίαχε
654 3924 852 4011 θαμβήσασα
875 3927 923 3988 καὶ
946 3925 1100 4013 ἀχνυμένη
1123 3949 1183 4010 περ
1207 3924 1345 3989 έοῦσαν
1430 3960 1432 3963 ·

306 4052 379 4120 (665)
607 4035 721 4109 Χθιζδν
737 4036 933 4123 ὀδυρομένην
951 4060 994 4119 με
1011 4036 1117 4120 δόμων
1135 4033 1267 4100 ἔκτοσθε
1289 4039 1433 4121 φυγοῦσα

479 4144 545 4218 ’375
564 4147 707 4223 κάλλιπες
728 4147 914 4211 ὑπνώουσαν
937 4146 1016 4232 ὑπὲρ
1038 4146 1153 4235 λεχέων
1176 4150 1354 4233 γενετῆρος.
