3208 4848
739 435 948 496 ..72-

280 619 384 679 referri
404 621 532 693 putavit,
560 636 597 678 ne
617 620 672 679 hoc
691 619 807 691 quidem
830 621 902 679 satis
922 621 1032 693 placet,
1059 638 1123 680 cum
1146 626 1268 695 recepta
1286 622 1320 680 M
1339 623 1406 681 libri

280 714 405 773 lectione
419 715 507 786 plana
521 713 645 772 evadeat
659 715 816 772 sententia:
839 713 966 772 cedite
984 731 1026 772 ex
1039 715 1138 774 bello
1152 715 1236 773 mihi
1255 714 1406 775 adsueto

281 807 364 877 (dicit
377 803 479 883 ἀγῶνα
492 805 556 882 περὶ
570 806 704 875 κάλλους,
725 812 872 865 caeterum
886 805 937 865 cfr.
952 807 1136 866 Homericum
1150 803 1235 864 εἴκειν
1253 805 1406 882 πολέμου

280 899 330 957 καὶ
349 899 510 978 δηϊοτῆτος)
532 900 656 959 cedite
676 900 844 959 victoria!
874 900 971 971 Atque
991 886 1134 976 συνήθως
1153 899 1329 972 probaverat
1348 901 1405 958 iam

281 995 424 1055 Tournier
443 1012 472 1068 p.
489 1003 534 1068 25,
555 996 605 1066 qui
624 1001 721 1052 tamen
742 988 883 1072 συνήθεας
902 1010 958 1052 non
979 992 1017 1050 ad
1035 990 1178 1068 πολέμοιο,
1199 992 1250 1051 sed
1271 993 1309 1051 ad
1329 994 1408 1070 νίκης

281 1089 397 1160 retulit3
418 1087 484 1148 fort.
499 1094 588 1147 reete.
605 1121 639 1130 -
654 1086 751 1154 ειξατε
764 1087 806 1157 Μ,
827 1082 922 1153 εἴξατο
937 1091 1005 1169 aute
1019 1103 1092 1145 corr.
1109 1086 1140 1155 G,
1160 1079 1249 1163 ἧξατε
1263 1089 1301 1159 Q3
1321 1086 1408 1164 μίκης

280 1182 330 1254 Μ;
349 1215 377 1222 -
404 1181 459 1243 173
480 1183 526 1241 hic
541 1198 641 1241 versus
655 1182 722 1241 olim
742 1188 808 1254 post
827 1198 853 1238 v.
873 1182 926 1239 111
947 1181 1109 1253 legebatur,
1130 1186 1210 1239 recte
1230 1181 1409 1253 transposuit

286 1275 428 1334 Tournier
441 1293 469 1349 p.
485 1284 530 1349 25,
550 1275 732 1349 improbante
752 1275 822 1332 lieet
840 1274 1016 1334 Schneidero
1036 1291 1104 1333 reo.
1125 1292 1152 1348 p.
1170 1283 1233 1334 195.
1253 1309 1289 1316 —
1310 1271 1336 1330 ὦ
1355 1292 1408 1348 pro

280 1368 377 1440 priore
389 1365 422 1425 οὐ
432 1369 541 1428 habent
554 1372 597 1425 bn
609 1369 724 1439 Fertne,
738 1368 863 1439 Ubelus3
875 1366 1009 1442 βασιλεΐα
1019 1368 1065 1439 Μ;
1080 1387 1114 1424 oo
1125 1385 1178 1440 pro
1189 1367 1217 1425 εἰ
1228 1369 1269 1438 M,
1284 1368 1361 1426 unde
1374 1364 1408 1425 οὐ

280 1463 392 1535 recepit
405 1463 547 1522 Tournier
560 1480 588 1536 p.
603 1470 664 1535 254
684 1460 774 1538 πυρὸς
787 1463 833 1533 Μ;
854 1458 916 1518 ἐστὶ
929 1462 970 1534 Μ,
991 1457 1055 1518 ἐστι
1068 1461 1194 1534 Bekker,
1215 1467 1245 1520 et
1264 1462 1328 1520 rell.
1342 1468 1409 1534 post

282 1572 347 1613 eum
360 1555 437 1628 edd,
458 1552 523 1614 ἐσσὶ
537 1552 626 1627 (ἐσσι)
641 1557 703 1614 rell.
718 1554 802 1615 codd.
817 1560 847 1612 et
862 1554 937 1627 edd,
951 1554 1006 1629 εἶμι
1020 1570 1056 1612 ex
1069 1554 1221 1612 Tournerii
1241 1557 1408 1614 coniectura

284 1653 324 1722 (p.
340 1654 389 1720 25)
410 1651 516 1722 recepi.
547 1648 598 1707 cir.
619 1650 768 1707 Hermann
787 1666 815 1722 p.
834 1656 881 1707 16:
916 1650 1015 1720 »Quae
1039 1648 1087 1705 hio
1111 1665 1169 1707 uon
1193 1648 1339 1706 adiuvisse
1361 1648 1408 1706 lu·

280 1759 383 1801 nonem
405 1742 511 1800 dieitur
531 1741 646 1799 σακέων
664 1741 805 1818 βασίλεια,
827 1740 875 1798 καὶ
894 1741 920 1798 εἰ
930 1739 1022 1816 πυρὸς
1035 1737 1098 1799 ἔστι
1113 1740 1179 1816 [sie]
1202 1740 1309 1819 τιθήνη,
1331 1742 1407 1799 utin

281 1834 345 1893 cod.
366 1835 439 1892 Mut.
460 1852 513 1908 pro
534 1837 651 1908 vulgato
671 1832 736 1891 ἐσσὶ
756 1837 908 1908 scriptum,
933 1834 1086 1892 ridiculum
1112 1842 1203 1903 esset,
1230 1836 1255 1892 si
1276 1842 1327 1892 aut
1347 1834 1403 1893 Mi·

280 1943 371 1986 nerva
391 1934 483 1999 esset,
510 1933 543 1985 ut
562 1929 711 2001 Lennepio
732 1930 835 1986 visum:
862 1929 910 1999 qui
932 1930 1007 1986 enim
1026 1928 1113 2001 haec,
1138 1929 1189 1987 ubi
1208 1929 1273 2001 ipsa
1293 1929 1407 1986 vincere

282 2020 407 2089 volebat,
428 2021 529 2078 lunoni
550 2022 733 2080 conciliasset
753 2019 923 2080 victoriam?
943 2026 994 2079 aut
1014 2020 1097 2094 adeo,
1118 2022 1195 2092 quod
1210 2022 1325 2080 censori
1339 2021 1408 2079 Hei·

281 2112 463 2186 delbergensi
490 2116 520 2171 in
546 2121 671 2174 mentem
696 2116 790 2187 venit,
817 2116 920 2172 coniux
944 2115 1068 2173 Vulcani
1094 2115 1205 2174 Gratia.
1245 2116 1328 2187 Enyo
1354 2121 1407 2187 est,

280 2223 366 2278 quam
386 2206 457 2265 dicit
476 2213 572 2280 poeta,
593 2207 685 2266 facem
706 2213 852 2280 gestans«.
883 2208 917 2265 In
930 2208 1074 2280 Lennepii
1094 2209 1285 2280 explicatione
1306 2209 1356 2279 qui
1378 2212 1408 2265 et

280 2301 344 2373 ipse
363 2301 483 2360 offendit
502 2303 603 2373 luben,
626 2303 811 2375 transpositis
831 2301 1020 2360 hemistichiis
1039 2303 1134 2359 locum
1148 2303 1190 2360 sic
1204 2300 1405 2361 conformavit:

434 2425 468 2487 οὐ
486 2428 603 2489 σακέων
621 2429 763 2505 βασίλεια,
785 2429 834 2487 καὶ
853 2430 881 2486 εἰ
898 2430 962 2506 δορὶ
977 2430 1108 2507 μαίνεται
1123 2425 1215 2508 Ἄρης,

434 2517 469 2579 οὔ
489 2543 535 2580 σοι
547 2517 632 2600 ’Ἄρης
652 2519 777 2600 ἐπάρηξε
797 2522 846 2579 καὶ
866 2523 893 2581 εἰ
910 2523 1001 2598 πυρὸς
1021 2521 1087 2580 ἐσσὶ
1107 2521 1215 2600 τιθήνη,
1237 2528 1292 2582 etc.

281 2649 357 2720 quod
378 2651 480 2707 vertit:
515 2650 605 2723 »Nom
627 2654 774 2708 scutorum
793 2651 908 2722 regina!
938 2650 1008 2708 licet
1027 2651 1112 2709 hasta
1131 2647 1210 2707 furat
1229 2649 1325 2718 Mars,
1352 2667 1409 2710 non

280 2742 362 2800 Mars
388 2749 418 2802 te
444 2743 569 2814 adinvit3
600 2744 669 2801 licet
693 2744 769 2816 ignis
794 2745 834 2801 sis
859 2745 970 2815 nutrix,
996 2759 1052 2802 non
1077 2740 1210 2800 flammae
1235 2742 1357 2800 Vulcani
1378 2750 1410 2802 te

282 2836 428 2909 adiuvere,
449 2839 518 2895 licet
538 2836 671 2896 flammae
692 2839 825 2911 spiritum
846 2840 877 2908 (i.
892 2854 917 2896 e.
938 2838 1057 2909 ignem
1077 2835 1282 2913 ardentem)
1302 2835 1410 2908 produ·

281 2937 356 2988 eat«.
387 2931 427 2989 Ε1
446 2932 580 2989 similiter
600 2948 654 3003 ego
674 2932 738 3004 ipse
757 2932 911 2990 lectionem
932 2930 1001 2988 olim
1014 2929 1159 2999 constitui,
1180 2930 1235 2987 nisi
1256 2930 1333 3001 quod
1354 2948 1407 3004 pro

281 3025 398 3082 σακέων
416 3022 559 3098 βαωλεια,
581 3025 657 3096 quod
678 3041 763 3096 quam
783 3040 885 3097 parum
906 3031 975 3095 apte
995 3022 1031 3080 de
1046 3023 1154 3082 lunone
1175 3023 1283 3081 dictum
1304 3025 1351 3093 sit,
1373 3040 1410 3082 ex

282 3133 307 3174 v.
330 3123 393 3175 150.
421 3124 474 3175 151
497 3124 633 3191 apparet,
660 3134 696 3175 ex
719 3135 745 3175 v.
769 3124 821 3175 161
848 3114 1001 3193 σκήπτρων
1024 3114 1159 3190 βασίλεια
1184 3119 1309 3176 restitui.
1351 3115 1409 3176 Sed

282 3225 357 3266 nunc
380 3214 463 3269 tauto
484 3211 630 3269 molimine
649 3227 706 3269 uon
727 3225 792 3267 esse
812 3225 884 3281 opus
904 3213 996 3280 natue,
1016 3210 1169 3268 Tournerii
1189 3212 1342 3270 lectionem
1363 3226 1408 3268 se·

283 3308 366 3361 cutus
387 3319 458 3373 sum,
479 3319 572 3375 neque
595 3305 669 3362 euim
690 3308 783 3360 mater
797 3302 919 3362 Vulcani
940 3306 991 3359 aut
1010 3304 1108 3360 nutrix
1127 3309 1191 3361 erat
1203 3304 1295 3376 Enyo,
1316 3320 1409 3375 neque

282 3413 399 3454 causam
417 3397 553 3469 habebat,
573 3414 625 3455 eur
638 3397 774 3456 lunonem
795 3395 955 3454 adiuvaret.
986 3396 1118 3468 Denique
1139 3398 1219 3455 nulla
1239 3397 1327 3456 debet
1345 3413 1408 3456 esse

282 3490 412 3549 hocloco
425 3490 524 3561 Euyus
538 3491 653 3561 mentio,
674 3505 738 3546 cum
753 3494 783 3546 et
797 3495 864 3547 ante
877 3488 953 3549 hunc
968 3505 1091 3562 versum,
1111 3489 1141 3546 in
1156 3500 1213 3561 qua
1233 3490 1303 3548 sede
1324 3490 1409 3563 vulgo

283 3583 437 3655 edebatur,
458 3587 574 3655 etpost
595 3599 660 3641 eum
679 3599 736 3640 non
756 3583 812 3639 nisi
832 3582 949 3640 lunonis
968 3581 1045 3641 filiae
1064 3581 1173 3652 filiique
1194 3583 1410 3641 commemorati

283 3679 348 3735 sint.
370 3710 403 3718 —
426 3674 484 3734 174
504 3674 619 3751 αγλαΐην
639 3676 685 3746 M,
706 3672 804 3753 ἀγαΐην
825 3693 861 3734 m.
881 3693 924 3749 pr.
945 3677 975 3733 in
989 3677 1026 3747 P;
1047 3672 1162 3751 ἐφίλισα
1182 3694 1232 3731 και
1252 3675 1353 3754 αγλαῑη
1370 3695 1408 3751 με

283 3768 384 3827 διωκει
403 3770 449 3842 Μ;
479 3770 553 3829 bene
579 3770 712 3828 adhunc
735 3787 850 3829 versum
870 3770 976 3828 Tibulli
991 3769 1043 3839 (IV
1057 3776 1082 3826 2.
1098 3771 1138 3838 8.)
1159 3768 1411 3841 subsequitur·

284 3881 350 3936 que
370 3864 478 3923 dacor
498 3862 609 3923 confert
629 3863 760 3923 Graefius
780 3880 808 3936 p·
824 3870 888 3922 246.
910 3894 947 3904 -—
968 3859 1027 3920 175
1047 3880 1120 3937 φασι
1133 3880 1168 3918 σε
1181 3862 1222 3934 Μ,
1236 3865 1314 3939 φασί
1317 3881 1357 3936 με
1371 3865 1410 3935 Q3

280 3953 374 4035 μήτηρ
388 3958 520 4030 AoLo3
534 3956 617 4033 ἄρως
630 3958 702 4029 AQ3
716 3956 893 4013 υποδινεσσιν
906 3955 946 4021 Μ,
963 3952 1140 4012 ὑποδίνεσσιν
1155 3956 1192 4027 Q3
1207 3950 1301 4022 ἀεξειν
1314 3957 1360 4028 Μ;
1375 3988 1408 4000 -

286 4049 344 4110 176
364 4049 498 4128 ηϋκόμων
516 4070 646 4129 χαριτων
658 4052 706 4122 Μ;
727 4048 803 4127 ιερὸν
816 4049 849 4107 Μ
862 4054 929 4122 post
943 4066 1016 4108 corr.
1032 4067 1068 4109 ex
1082 4051 1181 4126 ιερῶν;
1196 4084 1231 4092 -
1253 4048 1308 4109 177
1329 4048 1411 4128 ηρνή-

284 4163 374 4202 σαντο
383 4145 425 4216 Μ,
439 4141 633 4222 ἀνηρνήσαντσ
644 4147 682 4217 Q3
697 4164 731 4200 oo
741 4144 788 4214 Μ;
803 4161 888 4219 ευρες
900 4144 942 4216 Μ,
956 4139 1092 4219 εὖρεςΝ;
1106 4139 1226 4220 ἀρωγόν
1237 4144 1278 4216 Μ,
1293 4142 1411 4201 Bekker
