3208 4848
704 344 938 407 ..104-

261 519 315 608 Mt·
328 528 394 588 τεὸν
414 528 601 607 exceptiones
622 528 753 588 ὀλωλότα
773 529 875 607 νεβρὸν
895 527 996 610 ἐούσης,
1015 531 1058 590 XI
1073 537 1128 591 103
1138 547 1200 604 sqq.
1219 528 1258 608 μή
1275 550 1314 607 με
1334 551 1386 589 κα-

259 621 437 687 τακτείνειας
450 656 481 664 -
491 619 531 700 μη
541 621 646 702 κοτέης
657 657 692 667 -
704 620 744 701 μη
753 620 908 702 φθονέης,ι
923 623 998 696 Ego,
1008 640 1073 682 enm
1086 625 1167 682 nulla
1180 640 1269 687 eausa
1282 625 1321 682 sit
1334 640 1386 683 enr

258 715 422 788 invulgata
435 718 580 789 scriptura
593 716 780 790 offendamus,
798 733 861 776 eam
874 716 996 789 retinni3
1015 716 1049 775 M
1061 717 1136 776 liber
1155 718 1211 790 liie,
1232 724 1265 776 ut
1284 734 1384 790 saepe,

258 824 339 868 mero
352 810 515 883 scripturae
529 826 628 870 errore
644 810 766 881 laborat,
786 811 817 868 in
835 826 897 882 quo
911 809 983 867 nihil
997 811 1090 868 latere
1104 811 1238 870 arbitror.
1268 827 1314 869 vv.
1329 819 1385 871 300

260 909 355 961 -304
375 903 506 962 oodienm
524 905 647 977 primum
665 904 824 976 scripturas
844 901 999 976 proferam.
1019 935 1050 946 -
1066 899 1134 962 300
1155 898 1332 978 οὐκερέωντι
1351 902 1386 961 δε

259 991 366 1052 τόσσον
375 989 548 1071 έπισταμενη
560 994 607 1067 Μ;
616 1026 655 1037 -
664 993 726 1053 301
737 994 826 1052 οἶσθα
842 991 942 1070 γαρὼς
953 994 1000 1066 Μ;
1011 992 1165 1061 ἀνάλκιδος
1178 990 1243 1054 ἔστι
1254 997 1291 1068 N,
1302 995 1387 1054 ἀνάλ-

259 1085 343 1151 κιδος
362 1083 425 1144 ἐστὶ
439 1075 481 1147 ἐκ
499 1088 599 1160 PQW
617 1088 722 1159 notavi.
743 1120 782 1131 -
800 1085 866 1147 302
887 1087 914 1146 εἰ
932 1092 1007 1145 τοῖαι
1026 1088 1059 1147 Μ
1079 1096 1110 1148 00
1129 1089 1232 1160 Lehrs,
1256 1086 1290 1159 ού
1311 1092 1385 1147 τοῖαι

258 1181 322 1239 rell.
343 1180 427 1240 codd.
453 1187 484 1239 et
508 1182 589 1253 edd.;
616 1179 732 1256 γεγόσιν
752 1198 790 1239 m.
810 1198 854 1255 pr.
875 1183 906 1240 in
926 1183 965 1254 Q;
990 1183 1160 1259 εναργείοισι
1178 1183 1227 1257 Μ,
1254 1199 1297 1242 00.
1319 1189 1384 1243 303.

259 1313 316 1367 304
341 1323 396 1366 om.
418 1308 457 1380 (23
481 1340 512 1348 -
535 1305 599 1365 303
626 1306 836 1383 ἀκιδνοτέροισι
857 1307 895 1375 (λ,
921 1272 1151 1386 ἀκιδόοτέροισιν
1170 1311 1209 1383 1²3
1234 1309 1386 1386 ἀεξόμεναι

258 1399 421 1473 ANPRS,
442 1405 473 1458 00
486 1401 524 1460 W
537 1416 600 1459 eum
621 1403 804 1475 corruptelae
824 1402 916 1474 signo,
935 1399 1089 1478 αὐξόμεναι
1102 1404 1142 1476 (ος
1161 1436 1200 1447 -
1218 1402 1286 1464 304
1306 1400 1386 1470 εἶδος

259 1492 342 1553 codd.
369 1498 399 1551 et
424 1493 489 1551 edd.
511 1510 626 1563 omnes,
645 1489 729 1572 ,ἦθος
754 1495 827 1553 coni.
848 1493 1016 1555 Schneider.
1055 1515 1158 1574 εχσοσι
1178 1495 1266 1562 νόθος
1286 1497 1320 1554 δε
1340 1495 1386 1574 γε’-

260 1605 341 1644 νοντο
368 1606 509 1662 γοναικων
534 1588 576 1646 Μ.
616 1588 661 1646 De
686 1596 713 1646 0.
734 1595 790 1648 300
814 1588 888 1647 haee
911 1587 1045 1662 Lennep:
1078 1590 1177 1648 »Haeo
1201 1591 1266 1648 loeo
1291 1591 1384 1649 minus

260 1679 409 1740 commodo
433 1682 574 1740 collocata
600 1681 742 1739 videntur.
782 1680 854 1739 Post
873 1697 986 1739 versum
1008 1686 1078 1755 288,
1105 1682 1154 1741 nbi
1179 1683 1222 1740 rei
1248 1691 1385 1742 narratae

199 1852 205 1861 .
258 1772 343 1833 finem
363 1772 492 1847 imponit,
512 1776 620 1848 optime
639 1790 703 1835 meo
723 1775 831 1835 iudieio
851 1776 986 1834 eollooarl
1006 1784 1126 1849 possent
1144 1777 1200 1837 hoo
1218 1778 1318 1837 modo:

407 1880 454 1942 Ἣν
469 1882 581 1964 Ἑλένην
601 1886 740 1962 ἐνέπουσι,
761 1884 929 1967 κασιγνήτην
945 1884 1125 1968 Ἀφροδίτης·

407 1971 457 2044 Ἦς
477 1975 576 2037 ἕνεκεν
596 1980 720 2058 τέτληκα
740 1980 790 2039 καὶ
808 1978 929 2057 οἴδματα
949 1982 1043 2039 τόσσα
1062 1985 1192 2062 περῆσαι.

416 2069 475 2130 θύκ
494 2069 585 2149 ἐρέω·
606 2074 639 2131 τί
653 2074 687 2133 δὲ
706 2073 812 2134 τόσσον
833 2071 1022 2154 ἐπισταμένην
1041 2095 1077 2133 σε
1096 2075 1218 2148 διδόξω;
1328 2127 1332 2135 .

413 2166 506 2243 Δεῦρο
526 2167 615 2245 γάμον
635 2169 817 2247 κεράσωμεν,
839 2166 901 2227 ἐπεὶ
922 2167 1065 2246 Κυθέρεια
1086 2165 1205 2227 κελεύει.

257 2280 291 2338 In
310 2282 354 2341 his
386 2281 482 2340 verbis
507 2282 646 2340 transitus
669 2298 726 2341 non
752 2264 911 2353 inelegans.
950 2281 1011 2339 Imo
1036 2281 1078 2338 sie
1102 2281 1193 2340 multo
1217 2282 1320 2341 melius
1340 2283 1385 2340 in·

258 2375 351 2446 telligi
371 2376 488 2448 poterit,
510 2375 580 2446 qnid
599 2391 686 2433 versu
707 2381 763 2434 202
783 2371 871 2432 οἶσθα
891 2372 956 2451 γὰρ,
977 2371 1020 2438 ὡς
1039 2370 1186 2439 Μενέλαος
1206 2373 1234 2431 α
1248 2370 1273 2431 ἐ.
1289 2395 1315 2450 γ.
1335 2393 1385 2436 vo·

257 2468 358 2525 luerit:
392 2468 543 2540 praeeedit
573 2469 662 2525 enim:
701 2464 746 2544 Μη
771 2486 810 2543 με
835 2463 1071 2545 καταισχύνειας,
1101 2463 1170 2544 ἐμὴν
1200 2467 1249 2524 καὶ
1279 2465 1384 2544 Κύπριν

258 2557 386 2638 ἐλέγξῃς.
426 2560 508 2631 Quae
528 2560 556 2617 si
575 2561 799 2633 coniungantur,
821 2561 939 2632 elegans
959 2559 1075 2618 Paridis
1095 2567 1126 2618 et
1144 2560 1273 2621 Menelai
1293 2578 1384 2635 oppo-

258 2655 325 2713 sitio
346 2654 416 2725 erit3
436 2669 492 2724 quo
512 2652 582 2710 nihil
597 2670 665 2712 sane
682 2652 754 2712 feeit
766 2654 814 2712 hie
826 2661 925 2714 noster
945 2654 1131 2712 versiculus«
1162 2653 1256 2713 Iulien
1275 2673 1304 2728 p.
1327 2662 1383 2715 133

258 2764 295 2806 ex
323 2744 430 2804 τόσσον
457 2743 642 2824 ἐπισταμένην
672 2747 743 2805 mire
775 2746 947 2806 concludens
977 2747 1113 2806 Paridem
1142 2749 1201 2806 iam
1226 2748 1263 2806 de
1292 2749 1385 2821 pluri·

258 2843 312 2900 mis
332 2840 459 2900 Menelai
489 2842 565 2899 vitiis
589 2842 717 2905 locutum
739 2858 818 2915 esse,
845 2848 874 2900 et
898 2860 942 2900 vv.
963 2849 1128 2902 302-304
1153 2843 1237 2900 nimis
1258 2842 1383 2914 abrupte

258 2934 389 2994 Helenae
407 2935 509 2994 laudes
532 2934 633 2992 inferri
651 2940 741 3003 ratus
761 2937 929 2994 lacunosum
951 2951 1014 2994 esse
1033 2937 1128 2993 losum
1149 2935 1230 2993 dixit.
1259 2934 1385 2994 Videtur

259 3045 329 3101 ergo
349 3039 416 3102 post
436 3047 461 3088 0.
483 3037 538 3088 200
563 3034 593 3087 00
611 3036 679 3101 post
699 3045 725 3086 0.
739 3035 794 3088 301
815 3029 948 3087 laennam
969 3030 1116 3087 statuisse.
1139 3061 1172 3071 -
1196 3028 1325 3087 »Vereor
1348 3043 1385 3086 ne

259 3123 340 3195 prins
360 3123 432 3180 illud
453 3124 585 3198 γυναῖκες
609 3123 647 3192 [0.
663 3124 730 3194 302]
752 3137 807 3178 00.
822 3127 878 3179 302
899 3122 988 3192 [nune
1002 3138 1027 3179 0.
1042 3123 1110 3193 304]
1130 3121 1206 3179 male
1220 3121 1277 3180 hue
1290 3126 1385 3178 trans·

259 3216 348 3273 latum
369 3217 416 3274 sit.
447 3215 606 3273 Praeterea
626 3219 704 3272 totus
724 3213 813 3283 loeus,
835 3211 872 3270 de
888 3213 1057 3271 mulieribus
1072 3212 1176 3287 dietus,
1196 3215 1295 3272 multis
1310 3214 1383 3272 diffi-

260 3310 416 3368 cultatibus
436 3308 587 3382 premitur.
627 3306 733 3365 Nullae
754 3313 860 3380 essent,
881 3306 906 3364 si
925 3305 968 3364 ita
987 3306 1148 3379 legeretur:

414 3418 467 3478 οὐκ
487 3418 573 3500 ἐρέω,
595 3422 639 3493 (τί
653 3420 687 3481 δὲ
708 3419 814 3480 τόσσον
834 3418 1020 3500 ἐπισταμένην
1040 3419 1076 3479 σὲ
1096 3417 1220 3490 διθάξως

413 3511 502 3573 οἶσθα
522 3517 604 3594 γάρ’)
625 3514 668 3582 ὡς
687 3514 835 3581 Μενέλαος
854 3514 1008 3580 ἀνάλκιδός
1028 3511 1093 3572 ἐστι
1113 3510 1258 3588 γενέθλης,

413 3605 489 3668 οὔθ’
514 3609 568 3668 οἷοι
588 3610 723 3686 γεγάασιν
743 3606 774 3668 ἐν
791 3606 952 3687 Ἀργείοισιν
972 3606 1141 3674 ἄνακτες·

415 3703 463 3761 καὶ
483 3703 539 3781 γὰρ
559 3702 784 3781 ἀκιδνοτέροισιν
803 3703 968 3780 ἀεξόμενοι
985 3701 1148 3778 μελέεσσιν,

413 3796 526 3875 ἀνδρῶν
546 3794 626 3864 εἶδος
645 3793 756 3876 ἔχουσι,
778 3797 860 3855 νόθοι
880 3794 907 3854 δ’
931 3793 1064 3873 ἐγένοντο
1085 3798 1226 3871 γυναῖκες.

260 3909 424 3969 (inhaerent
442 3911 500 3969 iam
519 3910 604 3969 haee:
626 3905 681 3967 οὐκ
700 3906 786 3985 ἐρέω,
808 3906 851 3974 ὡς
870 3906 939 3966 Mea.
961 3915 991 3965 et
1010 3901 1070 3963 οὔτ’
1095 3903 1184 3983 ἐρέω,
1205 3904 1259 3963 οἷοι
1280 3902 1383 3982 γεγάα-

259 4021 304 4061 σιν
328 3999 361 4061 ἐν
384 3998 451 4081 lior.
477 4002 611 4070 ἄνακτες.
650 4005 818 4064 Leetionem
842 4002 905 4062 eod.
926 4001 968 4060 M.
998 4000 1031 4058 ελ
1048 4003 1122 4058 τοῖαι
1146 4002 1172 4059 si
1197 4000 1262 4072 quis
1287 4005 1386 4070 urget,

184 4095 191 4105 '
258 4104 377 4172 praesto
396 4091 414 4175 ἢ
434 4102 509 4156 ποῖοι
528 4117 554 4157 0.
575 4093 592 4176 ἢ
612 4097 666 4155 οἷοι
686 4099 790 4158 eodem
803 4095 865 4156 fere
885 4113 981 4156 sensu.
1012 4095 1061 4155 Sic
1081 4104 1151 4169 apta
1171 4103 1238 4154 sunt
1258 4093 1382 4153 omnia«
