3208 4848
648 383 881 446 -117-

202 568 336 642 meret,
360 568 391 626 ni
416 566 517 640 fallor,
544 568 731 628 Hermionam
752 582 854 631 somno
873 582 1043 642 oppressam
1063 572 1124 628 tum
1145 568 1221 641 alto,
1244 572 1279 628 ut
1297 568 1326 630 si

202 667 316 723 mortua
336 666 425 732 esset,
443 663 578 723 iacuisse.
608 662 693 722 Nunc
712 662 807 722 addit:
832 676 898 722 uam
919 663 945 722 si
965 663 1086 724 Somnus
1105 676 1201 723 comes
1219 659 1325 725 Morus

202 762 260 829 est,
280 756 380 818 ambos
401 764 519 832 oportet
540 759 635 818 omnia
654 759 815 818 communia
833 763 948 829 nactos,
972 757 1089 817 maioris
1108 755 1207 819 fratris
1227 755 1325 816 facere

199 847 320 909 officia«
362 851 403 910 Et
427 851 584 911 obsecutus
610 856 656 910 est
674 850 776 910 Lebrs.
817 849 924 910 Oontra
945 849 1105 909 Hermanni
1129 850 1324 910 coniecturam

200 942 273 1002 baec
286 944 447 1003 Schneider
466 962 495 1018 p.
509 951 578 1004 410:
602 945 684 1004 »Non
704 944 869 1017 scripsisset
888 942 970 1015 haec,
990 944 1101 1016 opinor,
1121 944 1165 1002 vir
1179 943 1323 1018 egregius,

199 1034 225 1092 si
244 1037 317 1095 satis
337 1037 514 1096 attendisset
533 1037 571 1095 ad
591 1037 721 1110 proxime
741 1041 894 1108 sequentes
907 1050 1015 1107 uersus,
1037 1035 1085 1109 qui
1105 1036 1181 1095 tales
1201 1040 1281 1096 sunt:
1411 1048 1413 1052 ⁴

354 1158 419 1216 307.
450 1151 535 1215 ἔνθεν
555 1154 759 1234 ἀκηχεμένοισι
776 1153 969 1233 βαρυνόμεναι
986 1152 1159 1232 βλεφάροισι

447 1249 583 1316 πολλάκις
604 1248 773 1317 ὑπνώουσιν,
792 1247 842 1307 ὅτε
863 1247 1001 1322 κλαίουσι,
1023 1249 1165 1326 γυναῖκες,

199 1367 249 1426 ubi
269 1362 354 1427 ἔνθεν
376 1358 531 1444 significat,
555 1369 664 1428 haece
686 1368 882 1443 superioribus
905 1366 1106 1427 ratiocinando
1126 1365 1209 1425 effici.
1239 1367 1321 1439 atqui

199 1462 335 1522 mulieres
355 1464 475 1522 moestis
497 1469 632 1538 gravatas
652 1464 742 1522 oculis
762 1461 876 1534 quando
896 1461 1085 1519 lacrimantur
1109 1475 1197 1533 saepe
1217 1458 1321 1519 obdor-

197 1556 334 1629 miscere,
360 1555 415 1614 boo
442 1555 583 1628 quomodo
608 1556 726 1614 tandem
749 1555 890 1628 quispiam
909 1553 1083 1613 ratiocinare
1102 1553 1195 1627 possit
1220 1569 1256 1612 ex
1275 1565 1320 1627 ab,

197 1648 274 1722 qnod
290 1649 411 1710 Somnus
426 1665 520 1709 comes
535 1641 574 1708 sit
586 1649 691 1709 Mortis
705 1655 793 1720 atque
806 1654 928 1721 uterque
943 1646 1045 1706 eadem
1060 1646 1156 1709 officia
1169 1643 1319 1722 praestet?

200 1743 284 1804 immo
305 1742 376 1802 illud
396 1747 429 1802 ut
448 1742 597 1816 efficiatur,
618 1759 737 1802 necesse
757 1747 801 1801 est
814 1743 843 1799 in
857 1740 1054 1815 superioribus
1067 1741 1239 1801 mentionem
1253 1757 1319 1804 esse

196 1835 304 1896 factam
325 1836 550 1910 defatigationis.
580 1838 679 1909 itaque
700 1837 741 1907 sic
760 1837 857 1909 potius
878 1835 985 1894 dixisse
1003 1842 1120 1908 poetam
1138 1836 1317 1909 putabimus:

199 1932 355 1990 ›inclinata
375 1933 486 1991 cervice
507 1932 675 2003 [Hermione
698 1930 871 1992 obdormivit¹
896 1929 1019 1989 errando
1038 1929 1242 2004 querendoque
1269 1930 1319 1991 d'e·

194 2023 286 2100 fessa]
307 2019 394 2091 ὕπνος
413 2022 476 2083 ἐπεὶ
495 2023 675 2101 καμάτοιο
695 2023 897 2101 σονέμπαρος.ι
930 2024 1033 2096 quibus
1048 2025 1146 2083 statim
1166 2023 1248 2084 addit
1265 2038 1319 2085 cur

195 2116 365 2196 ουνέμποροι
385 2136 504 2180 somnus
529 2129 560 2179 et
579 2118 750 2191 defatigatio
771 2120 829 2179 diei
848 2120 973 2194 possint:

832 2225 850 2307 ἧ
870 2228 925 2307 ἄν
945 2225 1056 2307 gthurib

401 2321 490 2401 ἄμφω
510 2321 657 2402 ἀναγκαίη,
679 2322 774 2404 ξυνήϊα
793 2321 884 2381 πάντα
905 2320 1055 2400 λαχόντε

399 2412 473 2494 ἔργα
491 2415 690 2497 παλαιοτέροιο
711 2414 891 2496 κασιγνήτοιο
911 2413 1034 2473 διώκειν.

193 2537 237 2595 sic
256 2538 331 2596 enim
351 2537 425 2596 haec
450 2536 603 2596 scribenda
627 2536 776 2608 videntur,
801 2535 904 2609 quibus
928 2535 983 2594 boo
1007 2535 1078 2594 dicit
1101 2541 1202 2608 poeta:
1231 2551 1315 2595 »nam

193 2630 323 2705 proiecto
343 2631 481 2691 ambobus
501 2631 660 2690 necessitas
673 2631 809 2704 imposita
829 2635 882 2703 est,
902 2635 936 2688 ut
953 2630 1115 2688 communia
1127 2629 1223 2690 omnia
1235 2629 1315 2689 nacti

196 2732 390 2797 exsequantur
408 2724 527 2798 Montis,
553 2726 669 2785 maioris
695 2723 794 2784 fratris
819 2742 935 2799 opera«
977 2725 1099 2784 Videtur
1123 2729 1220 2785 autem
1239 2725 1315 2785 banc

192 2821 367 2879 sententiam
389 2818 538 2879 Oollutbus
559 2819 638 2893 apud
660 2819 846 2879 'vetustiorem
867 2820 992 2891 aliquem
1017 2824 1134 2892 poetam
1158 2819 1264 2892 legisse
1285 2824 1315 2879 et

192 2914 223 2971 in
241 2929 303 2971 rem
324 2929 406 2972 suam
426 2914 617 2987 convertisse,
643 2921 676 2971 ut
699 2912 769 2971 fecit
788 2930 814 2971 v.
836 2919 983 2985 alaseqq·
1009 2911 1131 2985 quodsi
1156 2918 1202 2972 est
1219 2913 1316 2986 potuit

193 3007 280 3066 etiam
300 3007 390 3066 verba
409 3002 498 3084 ἄμφω
520 3005 659 3098 ἀναγκαία
679 3005 746 3065 inde
765 3005 934 3078 traducere,
959 3011 992 3064 ut
1015 3022 1072 3065 non
1091 3006 1149 3065 iam
1169 3019 1258 3066 causa
1276 3007 1316 3066 sit

192 3116 246 3159 cnr
265 3102 329 3174 quis
354 3118 418 3160 cum
439 3101 554 3163 Graefio
574 3100 702 3162 offendat
719 3101 750 3159 in
771 3106 905 3173 correpta
929 3099 1031 3160 ultima
1053 3100 1159 3173 prioris
1182 3099 1315 3161 vocabuli

192 3194 312 3268 syllaba.
338 3238 346 3253 .
368 3239 375 3253 .
397 3239 404 3254 .
431 3196 567 3257 Ceterum
587 3195 664 3268 quod
689 3191 777 3273 ἄμφω
798 3195 887 3254 statui
910 3210 964 3268 pro
984 3191 1092 3271 ἀμφοῖν
1111 3209 1191 3266 esse,
1212 3203 1313 3255 consu·

191 3288 270 3348 leudi
283 3296 350 3349 sunt
362 3286 499 3349 Meineke
513 3289 552 3349 ad
568 3289 712 3349 Theocrit.
733 3307 762 3363 p.
777 3296 833 3349 316
850 3295 880 3348 et
893 3288 1005 3362 Kocbly
1019 3289 1056 3348 ad
1074 3290 1171 3362 Quint.
1201 3289 1313 3363 Smyrn.

189 3399 219 3455 p.
241 3389 305 3442 113.
345 3383 378 3443 Si
404 3384 454 3456 qui
478 3389 575 3443 tamen
603 3379 691 3458 ἄμφω
716 3398 773 3442 non
798 3381 948 3441 ferendum
972 3385 1151 3456 putaverint,
1176 3388 1314 3456 poterunt

190 3492 255 3534 cnm
281 3475 396 3536 Greefio
420 3476 548 3537 scribere
573 3474 688 3553 ἄμφίτκ
730 3476 812 3536 Ηαοο
837 3476 954 3549 quidem
978 3476 1145 3536 Schneider.
1186 3476 1314 3537 onerant

192 3575 347 3643 praeterea
360 3571 390 3628 in
404 3571 523 3643 vulgata
536 3571 689 3643 scriptura,
703 3570 779 3643 quod
793 3570 914 3630 Somnus
929 3571 1035 3630 Mortis
1049 3576 1080 3629 et
1091 3567 1270 3647 ωνᾲιποφοα
1282 3576 1314 3631 at

192 3661 362 3741 κασίγνητος
386 3664 500 3723 dicitur.
544 3663 640 3735 Quare
666 3661 872 3723 Schneiderum
898 3669 1014 3722 secutus
1039 3679 1116 3733 sum,
1142 3663 1199 3723 etsi
1224 3679 1313 3738 aegre

189 3754 290 3832 ieram,
314 3759 391 3832 quod
410 3774 464 3833 per
484 3760 546 3817 eins
567 3757 797 3818 emendationem
817 3758 898 3817 Mors
918 3758 1007 3817 etiam
1027 3754 1158 3832 καμάτου
1178 3756 1312 3839 κασίην).

189 3868 242 3916 τος
260 3851 367 3912 dicitur
386 3858 417 3911 et
435 3859 590 3926 praeterea
610 3852 706 3911 verbis
725 3848 927 3927 παλαιοτέρου
950 3847 1132 3929 κασιγνήτοιο
1155 3866 1214 3911 non
1238 3852 1312 3912 satis

189 3951 325 4004 accurate
341 3945 495 4006 denotatus
516 3951 570 4005 est
594 3977 628 3988 -
649 3943 782 4017 Denique
794 3943 937 4004 Tournier
954 3961 984 4018 p.
998 3949 1035 4003 46
1048 3949 1200 4018 postquam
1213 3945 1311 4007 multis

189 4039 327 4112 exemplis
350 4040 448 4098 allatis
472 4039 571 4099 docuit
595 4038 715 4098 ultimae
739 4038 867 4111 syllabae
891 4037 921 4095 in
946 4032 1035 4114 ἄυφω
1060 4045 1214 4112 correptae
1239 4037 1311 4098 siin

188 4129 367 4197 difficultatis
391 4133 487 4193 inesse
511 4132 576 4204 (cfr.
604 4128 694 4210 ἄμφω
718 4130 1309 4193 aaatoomilom.nion.xa11s1a
