<?xml version="1.0" encoding="UTF-8"?>
<!DOCTYPE html PUBLIC "-//W3C//DTD XHTML 1.0 Transitional//EN"
    "http://www.w3.org/TR/xhtml1/DTD/xhtml1-transitional.dtd">
<html xmlns="http://www.w3.org/1999/xhtml" xml:lang="en" lang="en">
 <head>
  <title>
</title>
<meta http-equiv="Content-Type" content="text/html;charset=utf-8" />
  <meta name='ocr-system' content='tesseract 3.04.00' />
  <meta name='ocr-capabilities' content='ocr_page ocr_carea ocr_par ocr_line ocrx_word'/>
</head>
<body>
  <div class='ocr_page' id='page_1' title='image "./colluthilycopol01abelgoog_0042.png"; bbox 0 0 3210 4836; ppageno 0'>
   <div class='ocr_carea' id='block_1_1' title="bbox 679 376 891 440">
    <p class='ocr_par' dir='ltr' id='par_1_1' title="bbox 679 376 891 440">
     <span class='ocr_line' id='line_1_1' title="bbox 679 376 891 440; baseline 0 -15"><span class='ocrx_word' id='word_1_1' title='bbox 679 376 891 440; x_wconf 78' lang='lat'><strong>-37..</strong></span> 
     </span>
    </p>
   </div>
   <div class='ocr_carea' id='block_1_2' title="bbox 211 561 1343 3916">
    <p class='ocr_par' dir='ltr' id='par_1_2' title="bbox 211 561 1343 3611">
     <span class='ocr_line' id='line_1_2' title="bbox 222 561 1343 638; baseline 0.001 -15"><span class='ocrx_word' id='word_1_2' title='bbox 222 563 242 623; x_wconf 80' lang='lat' dir='ltr'>f.</span> <span class='ocrx_word' id='word_1_3' title='bbox 262 582 288 623; x_wconf 86' lang='lat' dir='ltr'>r.</span> <span class='ocrx_word' id='word_1_4' title='bbox 304 567 360 624; x_wconf 76' lang='lat'>375</span> <span class='ocrx_word' id='word_1_5' title='bbox 380 561 466 623; x_wconf 91' lang='lat' dir='ltr'>modo</span> <span class='ocrx_word' id='word_1_6' title='bbox 480 578 572 622; x_wconf 87' lang='lat' dir='ltr'>nexus</span> <span class='ocrx_word' id='word_1_7' title='bbox 593 562 634 621; x_wconf 91' lang='lat' dir='ltr'>ibi</span> <span class='ocrx_word' id='word_1_8' title='bbox 654 563 751 623; x_wconf 84' lang='lat' dir='ltr'>sanior</span> <span class='ocrx_word' id='word_1_9' title='bbox 765 569 852 624; x_wconf 89' lang='lat' dir='ltr'>esset.</span> <span class='ocrx_word' id='word_1_10' title='bbox 885 563 1049 623; x_wconf 88' lang='lat' dir='ltr'>Litcrarum</span> <span class='ocrx_word' id='word_1_11' title='bbox 1063 563 1195 638; x_wconf 78' lang='lat' dir='ltr'>apicibus</span> <span class='ocrx_word' id='word_1_12' title='bbox 1208 563 1343 624; x_wconf 74' lang='lat' dir='ltr'>insistens</span> 
     </span>
     <span class='ocr_line' id='line_1_3' title="bbox 222 651 1343 735; baseline 0 -19"><span class='ocrx_word' id='word_1_13' title='bbox 222 673 326 717; x_wconf 88' lang='lat' dir='ltr'>censor</span> <span class='ocrx_word' id='word_1_14' title='bbox 337 658 404 717; x_wconf 88' lang='lat' dir='ltr'>Hal.</span> <span class='ocrx_word' id='word_1_15' title='bbox 417 658 438 714; x_wconf 92' lang='lat' dir='ltr'>l.</span> <span class='ocrx_word' id='word_1_16' title='bbox 453 673 478 715; x_wconf 89' lang='lat' dir='ltr'>c.</span> <span class='ocrx_word' id='word_1_17' title='bbox 494 655 630 716; x_wconf 77' lang='lat' dir='ltr'>eliciebat</span> <span class='ocrx_word' id='word_1_18' title='bbox 646 651 789 732; x_wconf 81' lang='grc' dir='ltr'><strong><em>Ἀπάτης</em></strong></span> <span class='ocrx_word' id='word_1_19' title='bbox 806 655 940 732; x_wconf 82' lang='grc' dir='ltr'>βασίλεια</span> <span class='ocrx_word' id='word_1_20' title='bbox 954 656 1003 715; x_wconf 73' lang='grc' dir='ltr'>καὶ</span> <span class='ocrx_word' id='word_1_21' title='bbox 1013 656 1171 735; x_wconf 74' lang='grc' dir='ltr'><strong><em>Ἁρμονίηςε</em></strong></span> <span class='ocrx_word' id='word_1_22' title='bbox 1186 658 1230 717; x_wconf 85' lang='lat' dir='ltr'>its</span> <span class='ocrx_word' id='word_1_23' title='bbox 1242 673 1343 732; x_wconf 89' lang='lat' dir='ltr'>posses</span> 
     </span>
     <span class='ocr_line' id='line_1_4' title="bbox 222 747 1342 829; baseline -0.003 -19"><span class='ocrx_word' id='word_1_24' title='bbox 222 757 252 810; x_wconf 88' lang='lat' dir='ltr'>ct</span> <span class='ocrx_word' id='word_1_25' title='bbox 272 747 384 829; x_wconf 84' lang='grc' dir='ltr'><strong><em>ἄκτης</em></strong></span> <span class='ocrx_word' id='word_1_26' title='bbox 399 750 469 827; x_wconf 68' lang='lat' dir='ltr'>dac,</span> <span class='ocrx_word' id='word_1_27' title='bbox 490 756 524 809; x_wconf 92' lang='lat' dir='ltr'>ut</span> <span class='ocrx_word' id='word_1_28' title='bbox 542 756 612 810; x_wconf 88' lang='lat' dir='ltr'>nota</span> <span class='ocrx_word' id='word_1_29' title='bbox 637 756 682 809; x_wconf 91' lang='lat' dir='ltr'>est</span> <span class='ocrx_word' id='word_1_30' title='bbox 704 752 802 810; x_wconf 89' lang='lat' dir='ltr'>Venus</span> <span class='ocrx_word' id='word_1_31' title='bbox 828 752 858 810; x_wconf 92' lang='lat' dir='ltr'>in</span> <span class='ocrx_word' id='word_1_32' title='bbox 885 751 1018 812; x_wconf 91' lang='lat' dir='ltr'>litoribus</span> <span class='ocrx_word' id='word_1_33' title='bbox 1044 753 1137 822; x_wconf 87' lang='lat' dir='ltr'>culta,</span> <span class='ocrx_word' id='word_1_34' title='bbox 1163 749 1214 810; x_wconf 85' lang='lat' dir='ltr'>olr.</span> <span class='ocrx_word' id='word_1_35' title='bbox 1234 768 1261 809; x_wconf 86' lang='lat' dir='ltr'>r.</span> <span class='ocrx_word' id='word_1_36' title='bbox 1276 758 1342 812; x_wconf 85' lang='grc'><strong>202.</strong></span> 
     </span>
     <span class='ocr_line' id='line_1_5' title="bbox 221 843 1343 916; baseline -0.001 -12"><span class='ocrx_word' id='word_1_37' title='bbox 221 862 243 904; x_wconf 91' lang='lat' dir='ltr'>s.</span> <span class='ocrx_word' id='word_1_38' title='bbox 266 850 296 904; x_wconf 90' lang='lat' dir='ltr'>et</span> <span class='ocrx_word' id='word_1_39' title='bbox 314 843 426 904; x_wconf 88' lang='lat' dir='ltr'>iaceret</span> <span class='ocrx_word' id='word_1_40' title='bbox 449 844 590 903; x_wconf 90' lang='lat' dir='ltr'>eiusmodi</span> <span class='ocrx_word' id='word_1_41' title='bbox 610 844 707 902; x_wconf 88' lang='lat' dir='ltr'>Venus</span> <span class='ocrx_word' id='word_1_42' title='bbox 732 844 849 903; x_wconf 87' lang='lat' dir='ltr'>litorum</span> <span class='ocrx_word' id='word_1_43' title='bbox 874 844 912 903; x_wconf 91' lang='lat' dir='ltr'>ad</span> <span class='ocrx_word' id='word_1_44' title='bbox 932 843 1084 905; x_wconf 86' lang='lat' dir='ltr'>Thetidem</span> <span class='ocrx_word' id='word_1_45' title='bbox 1111 845 1265 916; x_wconf 83' lang='lat' dir='ltr'>marinam3</span> <span class='ocrx_word' id='word_1_46' title='bbox 1290 844 1343 903; x_wconf 90' lang='lat' dir='ltr'>sed</span> 
     </span>
     <span class='ocr_line' id='line_1_6' title="bbox 222 930 1343 1014; baseline -0.003 -18"><span class='ocrx_word' id='word_1_47' title='bbox 222 945 373 1010; x_wconf 90' lang='lat' dir='ltr'>utrumque</span> <span class='ocrx_word' id='word_1_48' title='bbox 392 955 450 997; x_wconf 93' lang='lat' dir='ltr'>non</span> <span class='ocrx_word' id='word_1_49' title='bbox 475 938 568 994; x_wconf 92' lang='lat' dir='ltr'>miuus</span> <span class='ocrx_word' id='word_1_50' title='bbox 589 937 714 995; x_wconf 89' lang='lat' dir='ltr'>alienum</span> <span class='ocrx_word' id='word_1_51' title='bbox 740 941 786 996; x_wconf 92' lang='lat' dir='ltr'>est</span> <span class='ocrx_word' id='word_1_52' title='bbox 806 937 842 995; x_wconf 90' lang='lat' dir='ltr'>ab</span> <span class='ocrx_word' id='word_1_53' title='bbox 863 935 997 1014; x_wconf 59' lang='grc' dir='ltr'><strong><em>ἁρμονίη,</em></strong></span> <span class='ocrx_word' id='word_1_54' title='bbox 1023 953 1107 1010; x_wconf 88' lang='lat' dir='ltr'>quam</span> <span class='ocrx_word' id='word_1_55' title='bbox 1133 939 1158 997; x_wconf 92' lang='lat' dir='ltr'>si</span> <span class='ocrx_word' id='word_1_56' title='bbox 1184 937 1247 1009; x_wconf 92' lang='lat' dir='ltr'>quis</span> <span class='ocrx_word' id='word_1_57' title='bbox 1259 930 1343 1014; x_wconf 71' lang='grc' dir='ltr'><strong><em>Ἄτης</em></strong></span> 
     </span>
     <span class='ocr_line' id='line_1_7' title="bbox 221 1027 1343 1106; baseline -0.002 -16"><span class='ocrx_word' id='word_1_58' title='bbox 221 1032 370 1090; x_wconf 81' lang='lat' dir='ltr'>scriberet.</span> <span class='ocrx_word' id='word_1_59' title='bbox 411 1030 469 1089; x_wconf 87' lang='lat' dir='ltr'>Sed</span> <span class='ocrx_word' id='word_1_60' title='bbox 495 1031 551 1088; x_wconf 91' lang='lat' dir='ltr'>hac</span> <span class='ocrx_word' id='word_1_61' title='bbox 570 1030 617 1089; x_wconf 83' lang='lat' dir='ltr'>ria</span> <span class='ocrx_word' id='word_1_62' title='bbox 636 1029 754 1088; x_wconf 84' lang='lat' dir='ltr'>offerret</span> <span class='ocrx_word' id='word_1_63' title='bbox 784 1046 815 1089; x_wconf 93' lang='lat' dir='ltr'>se</span> <span class='ocrx_word' id='word_1_64' title='bbox 841 1031 928 1089; x_wconf 87' lang='lat' dir='ltr'>etiarn</span> <span class='ocrx_word' id='word_1_65' title='bbox 954 1027 1065 1106; x_wconf 63' lang='grc' dir='ltr'><strong><em>ἀγάπης</em></strong></span> <span class='ocrx_word' id='word_1_66' title='bbox 1089 1028 1158 1104; x_wconf 71' lang='lat' dir='ltr'>flac.</span> <span class='ocrx_word' id='word_1_67' title='bbox 1179 1035 1279 1103; x_wconf 89' lang='lat' dir='ltr'>aptum</span> <span class='ocrx_word' id='word_1_68' title='bbox 1303 1029 1343 1089; x_wconf 87' lang='lat' dir='ltr'>ad</span> 
     </span>
     <span class='ocr_line' id='line_1_8' title="bbox 221 1121 1341 1197; baseline -0.002 -15"><span class='ocrx_word' id='word_1_69' title='bbox 221 1141 345 1194; x_wconf 85' lang='lat' dir='ltr'>sensum,</span> <span class='ocrx_word' id='word_1_70' title='bbox 366 1124 450 1184; x_wconf 90' lang='lat' dir='ltr'>modo</span> <span class='ocrx_word' id='word_1_71' title='bbox 470 1123 576 1182; x_wconf 87' lang='lat' dir='ltr'>idonea</span> <span class='ocrx_word' id='word_1_72' title='bbox 592 1126 697 1196; x_wconf 80' lang='lat' dir='ltr'>poetae</span> <span class='ocrx_word' id='word_1_73' title='bbox 711 1125 884 1184; x_wconf 85' lang='lat' dir='ltr'>auctoritate</span> <span class='ocrx_word' id='word_1_74' title='bbox 897 1124 971 1182; x_wconf 91' lang='lat' dir='ltr'>baec</span> <span class='ocrx_word' id='word_1_75' title='bbox 983 1141 1039 1184; x_wconf 84' lang='lat' dir='ltr'>vox</span> <span class='ocrx_word' id='word_1_76' title='bbox 1052 1121 1214 1183; x_wconf 88' lang='lat' dir='ltr'>confirmari</span> <span class='ocrx_word' id='word_1_77' title='bbox 1232 1128 1341 1197; x_wconf 88' lang='lat' dir='ltr'>posset.</span> 
     </span>
     <span class='ocr_line' id='line_1_9' title="bbox 321 1212 1341 1296; baseline 0 -22"><span class='ocrx_word' id='word_1_78' title='bbox 321 1217 382 1276; x_wconf 86' lang='lat' dir='ltr'>Iam</span> <span class='ocrx_word' id='word_1_79' title='bbox 407 1217 580 1277; x_wconf 89' lang='lat' dir='ltr'>coniecturis</span> <span class='ocrx_word' id='word_1_80' title='bbox 606 1216 683 1274; x_wconf 89' lang='lat' dir='ltr'>latus</span> <span class='ocrx_word' id='word_1_81' title='bbox 707 1221 790 1289; x_wconf 92' lang='lat' dir='ltr'>patet</span> <span class='ocrx_word' id='word_1_82' title='bbox 815 1232 946 1290; x_wconf 86' lang='lat' dir='ltr'>campus:</span> <span class='ocrx_word' id='word_1_83' title='bbox 977 1212 1041 1273; x_wconf 81' lang='grc' dir='ltr'><strong><em>οὐδ’</em></strong></span> <span class='ocrx_word' id='word_1_84' title='bbox 1062 1213 1200 1296; x_wconf 71' lang='grc' dir='ltr'>Ἐαατοῦς</span> <span class='ocrx_word' id='word_1_85' title='bbox 1222 1214 1252 1290; x_wconf 80' lang='grc' dir='ltr'>β.</span> <span class='ocrx_word' id='word_1_86' title='bbox 1272 1212 1341 1274; x_wconf 78' lang='grc' dir='ltr'><strong><em>οὐδὲ</em></strong></span> 
     </span>
     <span class='ocr_line' id='line_1_10' title="bbox 221 1304 1339 1387; baseline -0.002 -20"><span class='ocrx_word' id='word_1_87' title='bbox 221 1308 321 1368; x_wconf 86' lang='grc' dir='ltr'><strong><em>Πόθου</em></strong></span> <span class='ocrx_word' id='word_1_88' title='bbox 332 1309 362 1385; x_wconf 79' lang='grc' dir='ltr'>β.</span> <span class='ocrx_word' id='word_1_89' title='bbox 378 1305 411 1367; x_wconf 79' lang='grc' dir='ltr'>οὐ</span> <span class='ocrx_word' id='word_1_90' title='bbox 427 1308 561 1385; x_wconf 72' lang='grc' dir='ltr'><strong><em>Χοηοίτυνν</em></strong></span> <span class='ocrx_word' id='word_1_91' title='bbox 573 1308 604 1385; x_wconf 80' lang='grc' dir='ltr'>β.</span> <span class='ocrx_word' id='word_1_92' title='bbox 619 1304 687 1366; x_wconf 83' lang='grc' dir='ltr'><strong><em>οὐδὲ</em></strong></span> <span class='ocrx_word' id='word_1_93' title='bbox 701 1307 791 1384; x_wconf 75' lang='grc' dir='ltr'><strong><em>γάμου</em></strong></span> <span class='ocrx_word' id='word_1_94' title='bbox 803 1307 833 1381; x_wconf 79' lang='grc' dir='ltr'>β.</span> <span class='ocrx_word' id='word_1_95' title='bbox 848 1305 881 1366; x_wconf 72' lang='grc' dir='ltr'>οὐ</span> <span class='ocrx_word' id='word_1_96' title='bbox 894 1308 993 1387; x_wconf 80' lang='grc' dir='ltr'><strong><em>κοίτης</em></strong></span> <span class='ocrx_word' id='word_1_97' title='bbox 1010 1308 1040 1384; x_wconf 79' lang='grc' dir='ltr'>β.</span> <span class='ocrx_word' id='word_1_98' title='bbox 1062 1315 1113 1368; x_wconf 84' lang='lat' dir='ltr'>aut</span> <span class='ocrx_word' id='word_1_99' title='bbox 1131 1309 1255 1381; x_wconf 83' lang='lat' dir='ltr'>denique</span> <span class='ocrx_word' id='word_1_100' title='bbox 1275 1305 1339 1365; x_wconf 81' lang='grc' dir='ltr'><strong><em>οὐδ’</em></strong></span> 
     </span>
     <span class='ocr_line' id='line_1_11' title="bbox 218 1400 1338 1480; baseline -0.001 -21"><span class='ocrx_word' id='word_1_101' title='bbox 218 1400 302 1480; x_wconf 79' lang='grc' dir='ltr'><strong><em>εὐνῆς</em></strong></span> <span class='ocrx_word' id='word_1_102' title='bbox 312 1400 342 1477; x_wconf 81' lang='grc' dir='ltr'>β.</span> <span class='ocrx_word' id='word_1_103' title='bbox 363 1403 393 1460; x_wconf 93' lang='lat' dir='ltr'>in</span> <span class='ocrx_word' id='word_1_104' title='bbox 406 1402 484 1475; x_wconf 87' lang='lat' dir='ltr'>quod</span> <span class='ocrx_word' id='word_1_105' title='bbox 498 1407 528 1460; x_wconf 92' lang='lat' dir='ltr'>et</span> <span class='ocrx_word' id='word_1_106' title='bbox 540 1402 622 1460; x_wconf 85' lang='lat' dir='ltr'>Dem.</span> <span class='ocrx_word' id='word_1_107' title='bbox 638 1401 743 1474; x_wconf 83' lang='lat' dir='ltr'>Popoff</span> <span class='ocrx_word' id='word_1_108' title='bbox 752 1401 862 1471; x_wconf 89' lang='lat' dir='ltr'>incidit,</span> <span class='ocrx_word' id='word_1_109' title='bbox 882 1403 1008 1461; x_wconf 90' lang='lat' dir='ltr'>omnium</span> <span class='ocrx_word' id='word_1_110' title='bbox 1020 1401 1040 1459; x_wconf 85' lang='lat' dir='ltr'>f.</span> <span class='ocrx_word' id='word_1_111' title='bbox 1054 1403 1194 1476; x_wconf 90' lang='lat' dir='ltr'>optimum</span> <span class='ocrx_word' id='word_1_112' title='bbox 1207 1400 1258 1460; x_wconf 87' lang='lat' dir='ltr'>clr.</span> <span class='ocrx_word' id='word_1_113' title='bbox 1274 1409 1338 1461; x_wconf 84' lang='grc'><strong>202.</strong></span> 
     </span>
     <span class='ocr_line' id='line_1_12' title="bbox 219 1490 1339 1572; baseline -0.001 -18"><span class='ocrx_word' id='word_1_114' title='bbox 219 1496 259 1554; x_wconf 88' lang='grc' dir='ltr'>Ει</span> <span class='ocrx_word' id='word_1_115' title='bbox 279 1501 312 1554; x_wconf 92' lang='lat' dir='ltr'>ut</span> <span class='ocrx_word' id='word_1_116' title='bbox 330 1497 401 1555; x_wconf 91' lang='lat' dir='ltr'>nibil</span> <span class='ocrx_word' id='word_1_117' title='bbox 427 1497 600 1555; x_wconf 89' lang='lat' dir='ltr'>intentatum</span> <span class='ocrx_word' id='word_1_118' title='bbox 626 1494 836 1566; x_wconf 86' lang='lat' dir='ltr'>relinquamus,</span> <span class='ocrx_word' id='word_1_119' title='bbox 861 1492 985 1555; x_wconf 86' lang='lat' dir='ltr'>fortasse</span> <span class='ocrx_word' id='word_1_120' title='bbox 1007 1490 1156 1572; x_wconf 74' lang='grc' dir='ltr'>Ἀφροδιιη</span> <span class='ocrx_word' id='word_1_121' title='bbox 1182 1500 1228 1553; x_wconf 88' lang='lat' dir='ltr'>est</span> <span class='ocrx_word' id='word_1_122' title='bbox 1251 1495 1339 1553; x_wconf 89' lang='lat' dir='ltr'>inter·</span> 
     </span>
     <span class='ocr_line' id='line_1_13' title="bbox 218 1581 1339 1666; baseline 0.001 -22"><span class='ocrx_word' id='word_1_123' title='bbox 218 1593 440 1660; x_wconf 87' lang='lat' dir='ltr'>pretamentum,</span> <span class='ocrx_word' id='word_1_124' title='bbox 460 1604 524 1645; x_wconf 89' lang='lat' dir='ltr'>cum</span> <span class='ocrx_word' id='word_1_125' title='bbox 539 1591 626 1660; x_wconf 83' lang='lat' dir='ltr'>po&#39;eta</span> <span class='ocrx_word' id='word_1_126' title='bbox 639 1585 781 1644; x_wconf 86' lang='lat' dir='ltr'>dedisset:</span> <span class='ocrx_word' id='word_1_127' title='bbox 802 1581 868 1642; x_wconf 83' lang='grc' dir='ltr'><strong><em>οὐδ’</em></strong></span> <span class='ocrx_word' id='word_1_128' title='bbox 888 1581 960 1662; x_wconf 77' lang='grc' dir='ltr'>αὐτη</span> <span class='ocrx_word' id='word_1_129' title='bbox 977 1583 1112 1659; x_wconf 77' lang='grc' dir='ltr'>βασίλεια</span> <span class='ocrx_word' id='word_1_130' title='bbox 1131 1583 1180 1642; x_wconf 76' lang='grc' dir='ltr'>καὶ</span> <span class='ocrx_word' id='word_1_131' title='bbox 1194 1583 1339 1666; x_wconf 79' lang='grc' dir='ltr'>&lt;Αρμονίης</span> 
     </span>
     <span class='ocr_line' id='line_1_14' title="bbox 220 1677 1338 1757; baseline 0.003 -20"><span class='ocrx_word' id='word_1_132' title='bbox 220 1677 423 1757; x_wconf 74' lang='grc' dir='ltr'><em>γενέτειρα,</em></span> <span class='ocrx_word' id='word_1_133' title='bbox 453 1680 478 1738; x_wconf 91' lang='lat' dir='ltr'>si</span> <span class='ocrx_word' id='word_1_134' title='bbox 498 1679 614 1751; x_wconf 90' lang='lat' dir='ltr'>quidem</span> <span class='ocrx_word' id='word_1_135' title='bbox 635 1685 665 1737; x_wconf 92' lang='lat' dir='ltr'>et</span> <span class='ocrx_word' id='word_1_136' title='bbox 684 1684 777 1738; x_wconf 79' lang='lat' dir='ltr'>nrater</span> <span class='ocrx_word' id='word_1_137' title='bbox 797 1683 828 1738; x_wconf 85' lang='lat' dir='ltr'>et</span> <span class='ocrx_word' id='word_1_138' title='bbox 846 1680 948 1751; x_wconf 79' lang='lat' dir='ltr'>regina</span> <span class='ocrx_word' id='word_1_139' title='bbox 967 1679 1142 1738; x_wconf 88' lang='lat' dir='ltr'>Harmoniae</span> <span class='ocrx_word' id='word_1_140' title='bbox 1162 1679 1260 1739; x_wconf 89' lang='lat' dir='ltr'>Venus</span> <span class='ocrx_word' id='word_1_141' title='bbox 1280 1682 1338 1741; x_wconf 89' lang='lat' dir='ltr'>dici</span> 
     </span>
     <span class='ocr_line' id='line_1_15' title="bbox 218 1772 1337 1851; baseline 0 -18"><span class='ocrx_word' id='word_1_142' title='bbox 218 1779 361 1846; x_wconf 77' lang='lat' dir='ltr'>poterut«.</span> <span class='ocrx_word' id='word_1_143' title='bbox 392 1807 424 1815; x_wconf 93' lang='lat'><em>-</em></span> <span class='ocrx_word' id='word_1_144' title='bbox 453 1772 581 1832; x_wconf 79' lang='lat' dir='ltr'>»Censor</span> <span class='ocrx_word' id='word_1_145' title='bbox 600 1772 857 1844; x_wconf 79' lang='lat' dir='ltr'>Heidelbergensis</span> <span class='ocrx_word' id='word_1_146' title='bbox 883 1772 1005 1831; x_wconf 90' lang='lat' dir='ltr'>coniecit</span> <span class='ocrx_word' id='word_1_147' title='bbox 1025 1772 1228 1851; x_wconf 87' lang='grc' dir='ltr'><strong><em>αυναρμονίης,</em></strong></span> <span class='ocrx_word' id='word_1_148' title='bbox 1252 1790 1337 1847; x_wconf 85' lang='lat' dir='ltr'>quam</span> 
     </span>
     <span class='ocr_line' id='line_1_16' title="bbox 218 1864 1336 1928; baseline 0.003 -3"><span class='ocrx_word' id='word_1_149' title='bbox 218 1883 316 1926; x_wconf 89' lang='lat' dir='ltr'>vocem</span> <span class='ocrx_word' id='word_1_150' title='bbox 336 1867 529 1926; x_wconf 88' lang='lat' dir='ltr'>Schneiderus</span> <span class='ocrx_word' id='word_1_151' title='bbox 554 1867 584 1923; x_wconf 93' lang='lat' dir='ltr'>in</span> <span class='ocrx_word' id='word_1_152' title='bbox 608 1867 720 1924; x_wconf 83' lang='lat' dir='ltr'>lexicon</span> <span class='ocrx_word' id='word_1_153' title='bbox 740 1883 821 1924; x_wconf 91' lang='lat' dir='ltr'>suum</span> <span class='ocrx_word' id='word_1_154' title='bbox 843 1872 874 1925; x_wconf 92' lang='lat' dir='ltr'>ut</span> <span class='ocrx_word' id='word_1_155' title='bbox 893 1865 978 1925; x_wconf 81' lang='lat' dir='ltr'>uelde</span> <span class='ocrx_word' id='word_1_156' title='bbox 1002 1864 1120 1924; x_wconf 86' lang='lat' dir='ltr'>dubiam</span> <span class='ocrx_word' id='word_1_157' title='bbox 1143 1867 1240 1926; x_wconf 91' lang='lat' dir='ltr'>nescio</span> <span class='ocrx_word' id='word_1_158' title='bbox 1261 1866 1336 1928; x_wconf 88' lang='lat' dir='ltr'>unde</span> 
     </span>
     <span class='ocr_line' id='line_1_17' title="bbox 218 1958 1336 2035; baseline 0.002 -18"><span class='ocrx_word' id='word_1_159' title='bbox 218 1960 365 2020; x_wconf 88' lang='lat' dir='ltr'>intulerat.</span> <span class='ocrx_word' id='word_1_160' title='bbox 396 1960 552 2020; x_wconf 87' lang='lat' dir='ltr'>Passovius</span> <span class='ocrx_word' id='word_1_161' title='bbox 572 1960 676 2017; x_wconf 92' lang='lat' dir='ltr'>omisit.</span> <span class='ocrx_word' id='word_1_162' title='bbox 706 1958 874 2018; x_wconf 87' lang='lat' dir='ltr'>Wernikius</span> <span class='ocrx_word' id='word_1_163' title='bbox 900 1959 960 2035; x_wconf 86' lang='lat' dir='ltr'>[ap.</span> <span class='ocrx_word' id='word_1_164' title='bbox 981 1958 1159 2034; x_wconf 88' lang='lat' dir='ltr'>Beklrerum]</span> <span class='ocrx_word' id='word_1_165' title='bbox 1185 1960 1271 2018; x_wconf 89' lang='lat' dir='ltr'>ulium</span> <span class='ocrx_word' id='word_1_166' title='bbox 1291 1976 1336 2020; x_wconf 90' lang='lat' dir='ltr'>re·</span> 
     </span>
     <span class='ocr_line' id='line_1_18' title="bbox 218 2049 1337 2131; baseline 0.001 -21"><span class='ocrx_word' id='word_1_167' title='bbox 218 2054 293 2123; x_wconf 89' lang='lat' dir='ltr'>quiri</span> <span class='ocrx_word' id='word_1_168' title='bbox 313 2054 471 2125; x_wconf 79' lang='lat' dir='ltr'>genitivum</span> <span class='ocrx_word' id='word_1_169' title='bbox 490 2053 599 2126; x_wconf 85' lang='lat' dir='ltr'>videns,</span> <span class='ocrx_word' id='word_1_170' title='bbox 620 2054 713 2111; x_wconf 89' lang='lat' dir='ltr'>latere</span> <span class='ocrx_word' id='word_1_171' title='bbox 727 2069 792 2111; x_wconf 88' lang='lat' dir='ltr'>eum</span> <span class='ocrx_word' id='word_1_172' title='bbox 806 2054 835 2111; x_wconf 91' lang='lat' dir='ltr'>in</span> <span class='ocrx_word' id='word_1_173' title='bbox 848 2068 919 2113; x_wconf 84' lang='lat' dir='ltr'>uoce</span> <span class='ocrx_word' id='word_1_174' title='bbox 940 2049 1011 2131; x_wconf 79' lang='grc' dir='ltr'>αὐτη</span> <span class='ocrx_word' id='word_1_175' title='bbox 1024 2053 1156 2126; x_wconf 86' lang='lat' dir='ltr'>putabat.</span> <span class='ocrx_word' id='word_1_176' title='bbox 1188 2054 1233 2111; x_wconf 85' lang='lat' dir='ltr'>Ita</span> <span class='ocrx_word' id='word_1_177' title='bbox 1246 2052 1337 2111; x_wconf 89' lang='lat' dir='ltr'>sensit</span> 
     </span>
     <span class='ocr_line' id='line_1_19' title="bbox 216 2141 1335 2222; baseline 0.001 -19"><span class='ocrx_word' id='word_1_178' title='bbox 216 2145 304 2203; x_wconf 91' lang='lat' dir='ltr'>etiam</span> <span class='ocrx_word' id='word_1_179' title='bbox 324 2146 373 2217; x_wconf 91' lang='lat' dir='ltr'>qui</span> <span class='ocrx_word' id='word_1_180' title='bbox 393 2141 456 2203; x_wconf 81' lang='grc' dir='ltr'><strong><em>οὐδ’</em></strong></span> <span class='ocrx_word' id='word_1_181' title='bbox 481 2143 593 2222; x_wconf 80' lang='grc' dir='ltr'><strong><em>Ἀπάτης</em></strong></span> <span class='ocrx_word' id='word_1_182' title='bbox 610 2144 745 2221; x_wconf 79' lang='grc' dir='ltr'>βασίλεια</span> <span class='ocrx_word' id='word_1_183' title='bbox 764 2146 895 2220; x_wconf 84' lang='lat' dir='ltr'>coniecit,</span> <span class='ocrx_word' id='word_1_184' title='bbox 921 2146 999 2218; x_wconf 88' lang='lat' dir='ltr'>quod</span> <span class='ocrx_word' id='word_1_185' title='bbox 1019 2162 1076 2205; x_wconf 93' lang='lat' dir='ltr'>non</span> <span class='ocrx_word' id='word_1_186' title='bbox 1097 2146 1249 2206; x_wconf 87' lang='lat' dir='ltr'>convenire</span> <span class='ocrx_word' id='word_1_187' title='bbox 1268 2146 1335 2204; x_wconf 89' lang='lat' dir='ltr'>huic</span> 
     </span>
     <span class='ocr_line' id='line_1_20' title="bbox 215 2236 1335 2312; baseline 0 -17"><span class='ocrx_word' id='word_1_188' title='bbox 215 2237 278 2296; x_wconf 92' lang='lat' dir='ltr'>loco</span> <span class='ocrx_word' id='word_1_189' title='bbox 298 2244 378 2296; x_wconf 89' lang='lat' dir='ltr'>recte</span> <span class='ocrx_word' id='word_1_190' title='bbox 398 2239 509 2298; x_wconf 91' lang='lat' dir='ltr'>monuit</span> <span class='ocrx_word' id='word_1_191' title='bbox 528 2237 667 2297; x_wconf 79' lang='lat' dir='ltr'>Graculus.</span> <span class='ocrx_word' id='word_1_192' title='bbox 708 2238 738 2296; x_wconf 87' lang='lat' dir='ltr'>Si</span> <span class='ocrx_word' id='word_1_193' title='bbox 759 2241 893 2312; x_wconf 79' lang='lat' dir='ltr'>genitivis</span> <span class='ocrx_word' id='word_1_194' title='bbox 913 2240 979 2298; x_wconf 89' lang='lat' dir='ltr'>aliis</span> <span class='ocrx_word' id='word_1_195' title='bbox 1006 2255 1078 2312; x_wconf 91' lang='lat' dir='ltr'>opus</span> <span class='ocrx_word' id='word_1_196' title='bbox 1099 2244 1157 2310; x_wconf 84' lang='lat' dir='ltr'>est,</span> <span class='ocrx_word' id='word_1_197' title='bbox 1184 2239 1245 2296; x_wconf 91' lang='lat' dir='ltr'>tale</span> <span class='ocrx_word' id='word_1_198' title='bbox 1265 2236 1335 2309; x_wconf 88' lang='lat' dir='ltr'>quid</span> 
     </span>
     <span class='ocr_line' id='line_1_21' title="bbox 214 2328 1335 2410; baseline 0.001 -22"><span class='ocrx_word' id='word_1_199' title='bbox 214 2331 354 2404; x_wconf 90' lang='lat' dir='ltr'>scriptum</span> <span class='ocrx_word' id='word_1_200' title='bbox 384 2332 525 2406; x_wconf 90' lang='lat' dir='ltr'>suspicari</span> <span class='ocrx_word' id='word_1_201' title='bbox 550 2332 661 2404; x_wconf 87' lang='lat' dir='ltr'>licebit,</span> <span class='ocrx_word' id='word_1_202' title='bbox 692 2328 754 2388; x_wconf 85' lang='grc' dir='ltr'><strong><em>οὐδ’</em></strong></span> <span class='ocrx_word' id='word_1_203' title='bbox 785 2329 856 2410; x_wconf 78' lang='grc' dir='ltr'>αὐτη</span> <span class='ocrx_word' id='word_1_204' title='bbox 878 2331 1014 2407; x_wconf 79' lang='grc' dir='ltr'>βασίλεια</span> <span class='ocrx_word' id='word_1_205' title='bbox 1036 2328 1242 2410; x_wconf 84' lang='grc' dir='ltr'><strong><em>χοροτλεκέων</em></strong></span> <span class='ocrx_word' id='word_1_206' title='bbox 1269 2328 1335 2406; x_wconf 82' lang='grc' dir='ltr'><strong><em>ὑμε-</em></strong></span> 
     </span>
     <span class='ocr_line' id='line_1_22' title="bbox 215 2419 1336 2503; baseline 0.004 -23"><span class='ocrx_word' id='word_1_207' title='bbox 215 2421 302 2481; x_wconf 81' lang='grc' dir='ltr'><em>ναίων</em></span> <span class='ocrx_word' id='word_1_208' title='bbox 315 2424 364 2481; x_wconf 70' lang='lat' dir='ltr'>xc?</span> <span class='ocrx_word' id='word_1_209' title='bbox 379 2425 528 2501; x_wconf 74' lang='grc' dir='ltr'><strong><em>γλυκεροῖο</em></strong></span> <span class='ocrx_word' id='word_1_210' title='bbox 542 2424 645 2483; x_wconf 78' lang='grc' dir='ltr'><strong><em>πίθοιο</em></strong></span> <span class='ocrx_word' id='word_1_211' title='bbox 660 2423 709 2481; x_wconf 74' lang='grc' dir='ltr'>καὶ</span> <span class='ocrx_word' id='word_1_212' title='bbox 722 2422 855 2503; x_wconf 62' lang='grc' dir='ltr'><strong><em>ᾰομονίης</em></strong></span> <span class='ocrx_word' id='word_1_213' title='bbox 871 2421 1028 2503; x_wconf 79' lang='grc' dir='ltr'><strong><em>Ἀφροδίτη.</em></strong></span> <span class='ocrx_word' id='word_1_214' title='bbox 1064 2424 1115 2483; x_wconf 87' lang='lat' dir='ltr'>Sin</span> <span class='ocrx_word' id='word_1_215' title='bbox 1128 2425 1221 2482; x_wconf 88' lang='lat' dir='ltr'>minus</span> <span class='ocrx_word' id='word_1_216' title='bbox 1238 2419 1336 2498; x_wconf 47' lang='lat' dir='ltr'>‘potuit</span> 
     </span>
     <span class='ocr_line' id='line_1_23' title="bbox 215 2514 1334 2597; baseline 0.003 -25"><span class='ocrx_word' id='word_1_217' title='bbox 215 2516 264 2575; x_wconf 84' lang='lat' dir='ltr'>illc</span> <span class='ocrx_word' id='word_1_218' title='bbox 284 2517 410 2576; x_wconf 86' lang='lat' dir='ltr'>scribere</span> <span class='ocrx_word' id='word_1_219' title='bbox 431 2515 501 2576; x_wconf 83' lang='grc' dir='ltr'>καθ’</span> <span class='ocrx_word' id='word_1_220' title='bbox 527 2517 674 2596; x_wconf 64' lang='grc' dir='ltr'><strong><em>θυμονίην,</em></strong></span> <span class='ocrx_word' id='word_1_221' title='bbox 699 2524 732 2576; x_wconf 90' lang='lat' dir='ltr'>ut</span> <span class='ocrx_word' id='word_1_222' title='bbox 754 2514 823 2592; x_wconf 80' lang='grc' dir='ltr'>μεθ&gt;</span> <span class='ocrx_word' id='word_1_223' title='bbox 848 2516 980 2596; x_wconf 64' lang='grc' dir='ltr'><strong><em>θομυνίην</em></strong></span> <span class='ocrx_word' id='word_1_224' title='bbox 1005 2515 1169 2597; x_wconf 79' lang='grc' dir='ltr'><strong><em>Ἀφροδίτης</em></strong></span> <span class='ocrx_word' id='word_1_225' title='bbox 1196 2518 1334 2591; x_wconf 85' lang='lat' dir='ltr'>scriptum</span> 
     </span>
     <span class='ocr_line' id='line_1_24' title="bbox 216 2610 1331 2686; baseline 0.003 -20"><span class='ocrx_word' id='word_1_226' title='bbox 216 2613 261 2667; x_wconf 93' lang='lat' dir='ltr'>est</span> <span class='ocrx_word' id='word_1_227' title='bbox 279 2627 305 2668; x_wconf 85' lang='lat' dir='ltr'>r.</span> <span class='ocrx_word' id='word_1_228' title='bbox 320 2613 385 2670; x_wconf 78' lang='lat'><strong>375.</strong></span> <span class='ocrx_word' id='word_1_229' title='bbox 426 2611 484 2670; x_wconf 88' lang='lat' dir='ltr'>Sed</span> <span class='ocrx_word' id='word_1_230' title='bbox 505 2612 646 2670; x_wconf 82' lang='lat' dir='ltr'>sirenum</span> <span class='ocrx_word' id='word_1_231' title='bbox 667 2610 753 2670; x_wconf 88' lang='lat' dir='ltr'>lateri</span> <span class='ocrx_word' id='word_1_232' title='bbox 772 2618 896 2686; x_wconf 88' lang='lat' dir='ltr'>oportet,</span> <span class='ocrx_word' id='word_1_233' title='bbox 916 2613 987 2670; x_wconf 91' lang='lat' dir='ltr'>nibil</span> <span class='ocrx_word' id='word_1_234' title='bbox 1006 2613 1053 2671; x_wconf 90' lang='lat' dir='ltr'>bic</span> <span class='ocrx_word' id='word_1_235' title='bbox 1073 2612 1145 2671; x_wconf 88' lang='lat' dir='ltr'>certi</span> <span class='ocrx_word' id='word_1_236' title='bbox 1164 2612 1226 2669; x_wconf 90' lang='lat' dir='ltr'>sinc</span> <span class='ocrx_word' id='word_1_237' title='bbox 1248 2610 1331 2669; x_wconf 90' lang='lat' dir='ltr'>libris</span> 
     </span>
     <span class='ocr_line' id='line_1_25' title="bbox 214 2703 1333 2779; baseline 0.002 -20"><span class='ocrx_word' id='word_1_238' title='bbox 214 2703 336 2761; x_wconf 87' lang='lat' dir='ltr'>inveniri</span> <span class='ocrx_word' id='word_1_239' title='bbox 356 2709 480 2776; x_wconf 77' lang='lat' dir='ltr'>potest«.</span> <span class='ocrx_word' id='word_1_240' title='bbox 510 2705 694 2765; x_wconf 87' lang='lat' dir='ltr'>Hermann.</span> <span class='ocrx_word' id='word_1_241' title='bbox 715 2724 743 2779; x_wconf 87' lang='lat' dir='ltr'>p.</span> <span class='ocrx_word' id='word_1_242' title='bbox 760 2713 803 2765; x_wconf 86' lang='lat'>10.</span> <span class='ocrx_word' id='word_1_243' title='bbox 826 2739 860 2747; x_wconf 94' lang='lat'>—</span> <span class='ocrx_word' id='word_1_244' title='bbox 881 2704 1333 2778; x_wconf 77' lang='lat' dir='ltr'>Tournierp.9.10uulgutam</span> 
     </span>
     <span class='ocr_line' id='line_1_26' title="bbox 215 2795 1332 2872; baseline 0.001 -20"><span class='ocrx_word' id='word_1_245' title='bbox 215 2795 375 2867; x_wconf 86' lang='lat' dir='ltr'>lectionem,</span> <span class='ocrx_word' id='word_1_246' title='bbox 396 2813 482 2868; x_wconf 88' lang='lat' dir='ltr'>quam</span> <span class='ocrx_word' id='word_1_247' title='bbox 500 2799 621 2871; x_wconf 90' lang='lat' dir='ltr'>retinui,</span> <span class='ocrx_word' id='word_1_248' title='bbox 645 2800 773 2872; x_wconf 82' lang='lat' dir='ltr'>ineptam</span> <span class='ocrx_word' id='word_1_249' title='bbox 799 2814 863 2857; x_wconf 88' lang='lat' dir='ltr'>esse</span> <span class='ocrx_word' id='word_1_250' title='bbox 888 2798 1050 2869; x_wconf 85' lang='lat' dir='ltr'>contendit,</span> <span class='ocrx_word' id='word_1_251' title='bbox 1074 2812 1138 2855; x_wconf 90' lang='lat' dir='ltr'>cum</span> <span class='ocrx_word' id='word_1_252' title='bbox 1162 2797 1233 2855; x_wconf 89' lang='lat' dir='ltr'>nibil</span> <span class='ocrx_word' id='word_1_253' title='bbox 1253 2796 1332 2854; x_wconf 89' lang='lat' dir='ltr'>aliud</span> 
     </span>
     <span class='ocr_line' id='line_1_27' title="bbox 214 2887 1332 2965; baseline 0.004 -20"><span class='ocrx_word' id='word_1_254' title='bbox 214 2887 375 2961; x_wconf 80' lang='lat' dir='ltr'>significare</span> <span class='ocrx_word' id='word_1_255' title='bbox 389 2892 489 2964; x_wconf 88' lang='lat' dir='ltr'>possit,</span> <span class='ocrx_word' id='word_1_256' title='bbox 510 2908 595 2963; x_wconf 88' lang='lat' dir='ltr'>quam</span> <span class='ocrx_word' id='word_1_257' title='bbox 611 2908 721 2964; x_wconf 80' lang='lat' dir='ltr'>»nsque</span> <span class='ocrx_word' id='word_1_258' title='bbox 740 2892 846 2965; x_wconf 87' lang='lat' dir='ltr'>Venus,</span> <span class='ocrx_word' id='word_1_259' title='bbox 867 2907 941 2964; x_wconf 86' lang='lat' dir='ltr'>quae</span> <span class='ocrx_word' id='word_1_260' title='bbox 961 2892 1026 2965; x_wconf 87' lang='lat' dir='ltr'>ipsu</span> <span class='ocrx_word' id='word_1_261' title='bbox 1046 2889 1186 2949; x_wconf 88' lang='lat' dir='ltr'>connubio</span> <span class='ocrx_word' id='word_1_262' title='bbox 1205 2898 1332 2963; x_wconf 90' lang='lat' dir='ltr'>praeest,</span> 
     </span>
     <span class='ocr_line' id='line_1_28' title="bbox 214 2980 1332 3057; baseline 0.004 -19"><span class='ocrx_word' id='word_1_263' title='bbox 214 2980 322 3056; x_wconf 91' lang='lat' dir='ltr'>idest,</span> <span class='ocrx_word' id='word_1_264' title='bbox 347 2998 421 3055; x_wconf 84' lang='lat' dir='ltr'>quae</span> <span class='ocrx_word' id='word_1_265' title='bbox 441 2985 581 3045; x_wconf 88' lang='lat' dir='ltr'>connubio</span> <span class='ocrx_word' id='word_1_266' title='bbox 601 2985 678 3043; x_wconf 92' lang='lat' dir='ltr'>haud</span> <span class='ocrx_word' id='word_1_267' title='bbox 703 3000 786 3043; x_wconf 87' lang='lat' dir='ltr'>secus</span> <span class='ocrx_word' id='word_1_268' title='bbox 807 2990 894 3057; x_wconf 89' lang='lat' dir='ltr'>atque</span> <span class='ocrx_word' id='word_1_269' title='bbox 913 2985 998 3057; x_wconf 90' lang='lat' dir='ltr'>Iuno,</span> <span class='ocrx_word' id='word_1_270' title='bbox 1023 2999 1093 3043; x_wconf 85' lang='lat' dir='ltr'>vera</span> <span class='ocrx_word' id='word_1_271' title='bbox 1113 2982 1247 3043; x_wconf 92' lang='lat' dir='ltr'>connubii</span> <span class='ocrx_word' id='word_1_272' title='bbox 1266 2983 1332 3056; x_wconf 86' lang='lat' dir='ltr'>dea,</span> 
     </span>
     <span class='ocr_line' id='line_1_29' title="bbox 213 3073 1332 3156; baseline 0.004 -24"><span class='ocrx_word' id='word_1_273' title='bbox 213 3080 360 3148; x_wconf 85' lang='lat' dir='ltr'>praeest«,</span> <span class='ocrx_word' id='word_1_274' title='bbox 387 3082 417 3136; x_wconf 89' lang='lat' dir='ltr'>et</span> <span class='ocrx_word' id='word_1_275' title='bbox 441 3078 515 3136; x_wconf 87' lang='lat' dir='ltr'>banc</span> <span class='ocrx_word' id='word_1_276' title='bbox 537 3094 650 3151; x_wconf 88' lang='lat' dir='ltr'>quoque</span> <span class='ocrx_word' id='word_1_277' title='bbox 670 3078 855 3151; x_wconf 84' lang='lat' dir='ltr'>seutentiam,</span> <span class='ocrx_word' id='word_1_278' title='bbox 879 3078 955 3136; x_wconf 86' lang='lat' dir='ltr'>male</span> <span class='ocrx_word' id='word_1_279' title='bbox 978 3094 1035 3137; x_wconf 93' lang='lat' dir='ltr'>uon</span> <span class='ocrx_word' id='word_1_280' title='bbox 1055 3083 1122 3136; x_wconf 90' lang='lat' dir='ltr'>ante</span> <span class='ocrx_word' id='word_1_281' title='bbox 1147 3073 1218 3156; x_wconf 78' lang='grc' dir='ltr'>αὐτη</span> <span class='ocrx_word' id='word_1_282' title='bbox 1237 3077 1332 3151; x_wconf 88' lang='lat' dir='ltr'>posita</span> 
     </span>
     <span class='ocr_line' id='line_1_30' title="bbox 213 3165 1332 3247; baseline 0.003 -22"><span class='ocrx_word' id='word_1_283' title='bbox 213 3169 316 3229; x_wconf 89' lang='lat' dir='ltr'>vooula</span> <span class='ocrx_word' id='word_1_284' title='bbox 335 3170 391 3241; x_wconf 83' lang='grc' dir='ltr'>καί,</span> <span class='ocrx_word' id='word_1_285' title='bbox 412 3187 468 3229; x_wconf 92' lang='lat' dir='ltr'>uon</span> <span class='ocrx_word' id='word_1_286' title='bbox 488 3172 559 3229; x_wconf 86' lang='lat' dir='ltr'>satis</span> <span class='ocrx_word' id='word_1_287' title='bbox 580 3178 710 3230; x_wconf 89' lang='lat' dir='ltr'>correcte</span> <span class='ocrx_word' id='word_1_288' title='bbox 724 3172 874 3244; x_wconf 87' lang='lat' dir='ltr'>exprimat.</span> <span class='ocrx_word' id='word_1_289' title='bbox 905 3171 1017 3229; x_wconf 90' lang='lat' dir='ltr'>Deinde</span> <span class='ocrx_word' id='word_1_290' title='bbox 1032 3169 1142 3243; x_wconf 82' lang='lat' dir='ltr'>pergit:</span> <span class='ocrx_word' id='word_1_291' title='bbox 1165 3165 1244 3226; x_wconf 76' lang='grc' dir='ltr'><strong><em>»οὐδ’</em></strong></span> <span class='ocrx_word' id='word_1_292' title='bbox 1262 3167 1332 3247; x_wconf 79' lang='grc' dir='ltr'><em>αὐτή</em></span> 
     </span>
     <span class='ocr_line' id='line_1_31' title="bbox 213 3262 1332 3335; baseline 0.004 -17"><span class='ocrx_word' id='word_1_293' title='bbox 213 3276 398 3334; x_wconf 76' lang='lat' dir='ltr'>progressum</span> <span class='ocrx_word' id='word_1_294' title='bbox 413 3262 555 3334; x_wconf 90' lang='lat' dir='ltr'>quendam</span> <span class='ocrx_word' id='word_1_295' title='bbox 570 3263 710 3322; x_wconf 87' lang='lat' dir='ltr'>orationis</span> <span class='ocrx_word' id='word_1_296' title='bbox 724 3262 854 3335; x_wconf 89' lang='lat' dir='ltr'>denotat,</span> <span class='ocrx_word' id='word_1_297' title='bbox 874 3264 924 3335; x_wconf 86' lang='lat' dir='ltr'>qui</span> <span class='ocrx_word' id='word_1_298' title='bbox 937 3264 1031 3321; x_wconf 90' lang='lat' dir='ltr'>nullus</span> <span class='ocrx_word' id='word_1_299' title='bbox 1050 3267 1103 3331; x_wconf 89' lang='lat' dir='ltr'>est,</span> <span class='ocrx_word' id='word_1_300' title='bbox 1124 3263 1148 3320; x_wconf 94' lang='lat' dir='ltr'>si</span> <span class='ocrx_word' id='word_1_301' title='bbox 1168 3263 1205 3321; x_wconf 87' lang='lat' dir='ltr'>ab</span> <span class='ocrx_word' id='word_1_302' title='bbox 1224 3263 1332 3322; x_wconf 89' lang='lat' dir='ltr'>Iunone</span> 
     </span>
     <span class='ocr_line' id='line_1_32' title="bbox 212 3352 1330 3430; baseline 0.004 -19"><span class='ocrx_word' id='word_1_303' title='bbox 212 3352 332 3413; x_wconf 88' lang='lat' dir='ltr'>deorum</span> <span class='ocrx_word' id='word_1_304' title='bbox 351 3356 453 3428; x_wconf 81' lang='lat' dir='ltr'>regina</span> <span class='ocrx_word' id='word_1_305' title='bbox 479 3356 517 3414; x_wconf 88' lang='lat' dir='ltr'>ad</span> <span class='ocrx_word' id='word_1_306' title='bbox 537 3356 680 3414; x_wconf 87' lang='lat' dir='ltr'>Venerem</span> <span class='ocrx_word' id='word_1_307' title='bbox 704 3356 837 3430; x_wconf 90' lang='lat' dir='ltr'>procedit</span> <span class='ocrx_word' id='word_1_308' title='bbox 856 3362 960 3430; x_wconf 79' lang='lat' dir='ltr'>poeta,</span> <span class='ocrx_word' id='word_1_309' title='bbox 984 3356 1156 3429; x_wconf 85' lang='lat' dir='ltr'>praesertim</span> <span class='ocrx_word' id='word_1_310' title='bbox 1176 3372 1239 3414; x_wconf 89' lang='lat' dir='ltr'>oum</span> <span class='ocrx_word' id='word_1_311' title='bbox 1259 3356 1330 3415; x_wconf 90' lang='lat' dir='ltr'>luno</span> 
     </span>
     <span class='ocr_line' id='line_1_33' title="bbox 213 3446 1330 3523; baseline 0.004 -19"><span class='ocrx_word' id='word_1_312' title='bbox 213 3446 275 3505; x_wconf 90' lang='lat' dir='ltr'>sola</span> <span class='ocrx_word' id='word_1_313' title='bbox 299 3448 432 3508; x_wconf 91' lang='lat' dir='ltr'>connubii</span> <span class='ocrx_word' id='word_1_314' title='bbox 457 3451 558 3521; x_wconf 81' lang='lat' dir='ltr'>regina</span> <span class='ocrx_word' id='word_1_315' title='bbox 583 3450 646 3508; x_wconf 91' lang='lat' dir='ltr'>iure</span> <span class='ocrx_word' id='word_1_316' title='bbox 676 3466 711 3509; x_wconf 87' lang='lat' dir='ltr'>ac</span> <span class='ocrx_word' id='word_1_317' title='bbox 735 3450 838 3510; x_wconf 88' lang='lat' dir='ltr'>merito</span> <span class='ocrx_word' id='word_1_318' title='bbox 872 3451 928 3509; x_wconf 92' lang='lat' dir='ltr'>dici</span> <span class='ocrx_word' id='word_1_319' title='bbox 953 3450 1073 3523; x_wconf 78' lang='lat' dir='ltr'>possit«.</span> <span class='ocrx_word' id='word_1_320' title='bbox 1117 3449 1213 3521; x_wconf 81' lang='lat' dir='ltr'>Quare</span> <span class='ocrx_word' id='word_1_321' title='bbox 1238 3456 1330 3508; x_wconf 72' lang='lat' dir='ltr'>mans·</span> 
     </span>
     <span class='ocr_line' id='line_1_34' title="bbox 211 3541 878 3611; baseline 0.004 -12"><span class='ocrx_word' id='word_1_322' title='bbox 211 3541 313 3611; x_wconf 87' lang='lat' dir='ltr'>positis</span> <span class='ocrx_word' id='word_1_323' title='bbox 333 3541 521 3601; x_wconf 87' lang='lat' dir='ltr'>hemistichiis</span> <span class='ocrx_word' id='word_1_324' title='bbox 540 3544 634 3601; x_wconf 91' lang='lat' dir='ltr'>locum</span> <span class='ocrx_word' id='word_1_325' title='bbox 655 3545 697 3601; x_wconf 91' lang='lat' dir='ltr'>sio</span> <span class='ocrx_word' id='word_1_326' title='bbox 716 3544 878 3603; x_wconf 91' lang='lat' dir='ltr'>constituit:</span> 
     </span>
    </p>

    <p class='ocr_par' dir='ltr' id='par_1_3' title="bbox 365 3647 1138 3730">
     <span class='ocr_line' id='line_1_35' title="bbox 365 3647 1138 3730; baseline -0.003 -22"><span class='ocrx_word' id='word_1_327' title='bbox 365 3651 422 3708; x_wconf 84' lang='grc' dir='ltr'>τῶν</span> <span class='ocrx_word' id='word_1_328' title='bbox 442 3650 475 3710; x_wconf 82' lang='grc' dir='ltr'>δὲ</span> <span class='ocrx_word' id='word_1_329' title='bbox 492 3647 566 3728; x_wconf 87' lang='grc' dir='ltr'><strong><em>μεθ’</em></strong></span> <span class='ocrx_word' id='word_1_330' title='bbox 586 3648 740 3730; x_wconf 60' lang='lat' dir='ltr'>modos-pcc</span> <span class='ocrx_word' id='word_1_331' title='bbox 760 3651 810 3708; x_wconf 77' lang='grc' dir='ltr'>καὶ</span> <span class='ocrx_word' id='word_1_332' title='bbox 823 3650 969 3730; x_wconf 72' lang='grc' dir='ltr'>&lt;νίρμυνίης</span> <span class='ocrx_word' id='word_1_333' title='bbox 987 3649 1138 3728; x_wconf 78' lang='grc' dir='ltr'><strong><em>Ἀφροδίτη.</em></strong></span> 
     </span>
    </p>

    <p class='ocr_par' dir='ltr' id='par_1_4' title="bbox 368 3735 1016 3823">
     <span class='ocr_line' id='line_1_36' title="bbox 368 3735 1016 3823; baseline 0.002 -22"><span class='ocrx_word' id='word_1_334' title='bbox 368 3740 436 3802; x_wconf 79' lang='grc' dir='ltr'><strong><em>Οὐδ’</em></strong></span> <span class='ocrx_word' id='word_1_335' title='bbox 455 3739 526 3823; x_wconf 72' lang='grc' dir='ltr'>αὐτη</span> <span class='ocrx_word' id='word_1_336' title='bbox 543 3743 675 3819; x_wconf 81' lang='grc' dir='ltr'>βασίλεια</span> <span class='ocrx_word' id='word_1_337' title='bbox 696 3741 850 3823; x_wconf 73' lang='grc' dir='ltr'>κασιγνήτη</span> <span class='ocrx_word' id='word_1_338' title='bbox 869 3740 937 3809; x_wconf 84' lang='grc' dir='ltr'>Διὸς</span> <span class='ocrx_word' id='word_1_339' title='bbox 949 3735 1016 3821; x_wconf 81' lang='grc' dir='ltr'>Ἥρη</span> 
     </span>
    </p>

    <p class='ocr_par' dir='ltr' id='par_1_5' title="bbox 364 3833 1011 3916">
     <span class='ocr_line' id='line_1_37' title="bbox 364 3833 1011 3916; baseline 0.005 -23"><span class='ocrx_word' id='word_1_340' title='bbox 364 3834 507 3916; x_wconf 78' lang='grc' dir='ltr'>ἐρχομένη</span> <span class='ocrx_word' id='word_1_341' title='bbox 526 3836 646 3914; x_wconf 77' lang='grc' dir='ltr'><strong><em>δήθυνεν</em></strong></span> <span class='ocrx_word' id='word_1_342' title='bbox 666 3834 700 3904; x_wconf 79' lang='grc' dir='ltr'>ἐς</span> <span class='ocrx_word' id='word_1_343' title='bbox 718 3834 810 3896; x_wconf 81' lang='grc' dir='ltr'><em>ἄλσεα</em></span> <span class='ocrx_word' id='word_1_344' title='bbox 830 3833 1011 3915; x_wconf 74' lang='grc' dir='ltr'><strong><em>Κενταύρου.</em></strong></span> 
     </span>
    </p>
   </div>
   <div class='ocr_carea' id='block_1_3' title="bbox 209 3944 1330 4207">
    <p class='ocr_par' dir='ltr' id='par_1_6' title="bbox 209 3944 1330 4207">
     <span class='ocr_line' id='line_1_38' title="bbox 211 3944 1330 4022; baseline 0.005 -21"><span class='ocrx_word' id='word_1_345' title='bbox 211 3944 294 4016; x_wconf 80' lang='lat' dir='ltr'>Quod</span> <span class='ocrx_word' id='word_1_346' title='bbox 315 3945 479 4019; x_wconf 78' lang='lat' dir='ltr'>significare</span> <span class='ocrx_word' id='word_1_347' title='bbox 499 3948 560 4007; x_wconf 87' lang='lat' dir='ltr'>vult</span> <span class='ocrx_word' id='word_1_348' title='bbox 582 3947 671 4007; x_wconf 78' lang='lat' dir='ltr'>»dum</span> <span class='ocrx_word' id='word_1_349' title='bbox 686 3949 821 4022; x_wconf 86' lang='lat' dir='ltr'>Apolline</span> <span class='ocrx_word' id='word_1_350' title='bbox 843 3954 873 4007; x_wconf 88' lang='lat' dir='ltr'>et</span> <span class='ocrx_word' id='word_1_351' title='bbox 892 3947 985 4006; x_wconf 88' lang='lat' dir='ltr'>Musis</span> <span class='ocrx_word' id='word_1_352' title='bbox 1006 3951 1103 4005; x_wconf 88' lang='lat' dir='ltr'>autern</span> <span class='ocrx_word' id='word_1_353' title='bbox 1123 3950 1236 4006; x_wconf 91' lang='lat' dir='ltr'>etcum</span> <span class='ocrx_word' id='word_1_354' title='bbox 1257 3947 1330 4007; x_wconf 86' lang='lat' dir='ltr'>Hor·</span> 
     </span>
     <span class='ocr_line' id='line_1_39' title="bbox 209 4038 1329 4131; baseline 0.004 -35"><span class='ocrx_word' id='word_1_355' title='bbox 209 4040 318 4112; x_wconf 84' lang='lat' dir='ltr'>monia,</span> <span class='ocrx_word' id='word_1_356' title='bbox 350 4055 424 4111; x_wconf 89' lang='lat' dir='ltr'>quae</span> <span class='ocrx_word' id='word_1_357' title='bbox 437 4041 601 4131; x_wconf 85' lang='lat' dir='ltr'>¹Musarum</span> <span class='ocrx_word' id='word_1_358' title='bbox 627 4047 721 4100; x_wconf 90' lang='lat' dir='ltr'>mater</span> <span class='ocrx_word' id='word_1_359' title='bbox 746 4041 829 4101; x_wconf 86' lang='lat' dir='ltr'>audit</span> <span class='ocrx_word' id='word_1_360' title='bbox 854 4040 932 4114; x_wconf 87' lang='lat' dir='ltr'>apud</span> <span class='ocrx_word' id='word_1_361' title='bbox 955 4038 1126 4113; x_wconf 79' lang='lat' dir='ltr'>Euripidem</span> <span class='ocrx_word' id='word_1_362' title='bbox 1150 4038 1241 4111; x_wconf 88' lang='lat' dir='ltr'>(Med.</span> <span class='ocrx_word' id='word_1_363' title='bbox 1261 4045 1329 4110; x_wconf 81' lang='lat'><strong>830)</strong></span> 
     </span>
     <span class='ocr_line' id='line_1_40' title="bbox 209 4131 1330 4207; baseline 0.003 -18"><span class='ocrx_word' id='word_1_364' title='bbox 209 4132 288 4192; x_wconf 87' lang='lat' dir='ltr'>venit</span> <span class='ocrx_word' id='word_1_365' title='bbox 306 4131 412 4192; x_wconf 85' lang='lat' dir='ltr'>Venus.</span> <span class='ocrx_word' id='word_1_366' title='bbox 441 4132 531 4193; x_wconf 90' lang='lat' dir='ltr'>Immo</span> <span class='ocrx_word' id='word_1_367' title='bbox 548 4133 619 4194; x_wconf 93' lang='lat' dir='ltr'>Iuno</span> <span class='ocrx_word' id='word_1_368' title='bbox 639 4149 753 4207; x_wconf 85' lang='lat' dir='ltr'>quoque</span> <span class='ocrx_word' id='word_1_369' title='bbox 768 4177 775 4192; x_wconf 93' lang='lat'><strong>.</strong></span> <span class='ocrx_word' id='word_1_370' title='bbox 790 4177 797 4192; x_wconf 85' lang='lat'><strong>.</strong></span> <span class='ocrx_word' id='word_1_371' title='bbox 813 4155 837 4190; x_wconf 78' lang='grc' dir='ltr'>,ι</span> <span class='ocrx_word' id='word_1_372' title='bbox 871 4134 951 4206; x_wconf 79' lang='lat' dir='ltr'>Quae</span> <span class='ocrx_word' id='word_1_373' title='bbox 971 4134 1040 4193; x_wconf 90' lang='lat' dir='ltr'>licet</span> <span class='ocrx_word' id='word_1_374' title='bbox 1059 4137 1144 4192; x_wconf 89' lang='lat' dir='ltr'>acute</span> <span class='ocrx_word' id='word_1_375' title='bbox 1164 4132 1330 4205; x_wconf 78' lang='lat' dir='ltr'>excogitata</span> 
     </span>
    </p>
   </div>
   <div class='ocr_carea' id='block_1_4' title="bbox 0 0 1610 4836">
    <p class='ocr_par' dir='ltr' id='par_1_7' title="bbox 0 0 1610 4836">
     <span class='ocr_line' id='line_1_41' title="bbox 0 0 1610 4836; baseline 0 5"><span class='ocrx_word' id='word_1_376' title='bbox 0 0 1610 4836; x_wconf 95' lang='lat' dir='ltr'> </span> 
     </span>
    </p>
   </div>
  </div>
 </body>
</html>
