3210 4836
742 385 953 448 -40-

285 556 393 644 adunco
413 565 505 653 ᾡαξε
519 589 547 626 κ.
561 568 612 629 cfr.
627 588 652 628 v.
668 578 704 631 55
720 577 771 630 aut
788 572 867 650 χειρὶ
887 570 921 630 δὲ
941 568 1123 648 rocbodoni&
1137 569 1241 629 κόλπον
1255 567 1348 646 ἄραξε
1362 591 1407 627 rc«

284 660 427 735 Lennepii
449 664 643 723 coniecturam
665 665 838 738 improbavit
858 665 945 725 etiam
970 665 1118 723 Hermann
1138 682 1166 738 p.
1184 671 1311 737 10—11,
1332 665 1409 736 quia,

287 753 359 812 »nisi
379 756 456 826 quod
471 761 677 830 grammaticae
697 775 756 817 non
775 764 929 833 repugnat,
949 759 1020 817 nihil
1041 759 1113 818 haec
1134 760 1300 818 coniectura
1319 758 1410 818 habet

284 847 439 908 laudabile.
478 850 554 909 Nam
579 868 614 910 ne
641 868 860 911 commemorem
885 854 1014 925 ineptum
1036 852 1077 927 [t]
1101 852 1149 910 hio
1174 853 1323 924 epitheton
1344 868 1409 910 esse

284 935 380 1016 εὐρέα,
402 957 476 1012 quae
496 944 546 1002 illa
565 950 625 1003 tam
645 945 800 1018 singularis
820 946 896 1005 ratio
917 951 962 1004 est
981 943 1087 1005 luroris
1108 943 1300 1017 significandi,
1321 960 1409 1003 manu

284 1039 393 1093 terram
412 1034 586 1109 percuteret
614 1038 704 1098 Immo
724 1040 774 1110 qui
793 1039 836 1096 ita
864 1045 931 1096 sunt
956 1039 1018 1096 irae
1042 1039 1230 1110 impotentes
1257 1038 1352 1095 solent
1376 1053 1408 1095 se

283 1129 452 1201 ipsostotos
472 1129 628 1189 interram
649 1130 751 1204 digero
772 1138 803 1190 et
822 1132 900 1190 humi
923 1133 1046 1190 volvere.
1076 1131 1168 1203 quue
1189 1131 1276 1190 etiam
1289 1130 1408 1189 Hridom

283 1218 387 1279 iecisse
407 1220 466 1279 dici
485 1223 531 1280 vel
554 1229 721 1295 corruptum
745 1223 818 1281 illud
838 1221 908 1281 οόδέ
927 1242 959 1280 τε
987 1239 1104 1282 monere
1129 1222 1269 1296 debebat,
1293 1224 1323 1280 in
1352 1239 1409 1295 quo

285 1314 348 1384 quis
361 1329 418 1372 non
431 1316 530 1374 statim
543 1316 641 1375 videat
663 1312 746 1374 οὔδεϊ
761 1317 874 1376 latere?
906 1315 1063 1376 Confirmat
1082 1318 1157 1375 hano
1179 1316 1407 1376 emendationem

284 1408 428 1480 scriptura
453 1409 559 1468 codicis
584 1411 659 1468 Mut.
684 1406 747 1468 οόδ’
773 1408 901 1475 ardinor
926 1407 1034 1487 ἄραξε..
1069 1410 1152 1481 Quod
1178 1411 1203 1468 si
1228 1411 1302 1469 haec
1327 1416 1408 1468 recte

284 1501 465 1574 conjecimus,
486 1503 658 1574 relinquitur
681 1510 713 1561 ut
734 1503 876 1562 exciderit
896 1503 1005 1574 aliquid
1026 1503 1072 1561 vel
1092 1507 1159 1560 ante
1180 1521 1206 1559 v.
1221 1509 1258 1561 48
1280 1503 1325 1560 vel
1340 1509 1407 1561 ante

285 1594 374 1670 γαίης.
407 1596 483 1654 Nam
503 1595 629 1655 fortasse
649 1612 706 1655 non
726 1597 824 1668 inepte
845 1596 1025 1670 opinabimur
1044 1596 1119 1655 hano
1138 1597 1230 1671 ipsam
1244 1611 1341 1654 vocem
1356 1596 1408 1654 ali-

284 1687 353 1758 quid
373 1689 538 1760 contulisse,
561 1695 597 1746 ut
615 1690 819 1747 omitterentur
838 1690 982 1749 nonnulla.
1014 1690 1107 1760 Quum
1128 1690 1202 1747 enim
1224 1690 1272 1760 qui
1293 1689 1331 1746 ad
1344 1695 1408 1747 tan·
1498 1715 1501 1718 ⁴

283 1784 345 1838 tum
365 1780 576 1854 desperationis
596 1781 723 1842 furorem
745 1784 839 1841 evecti
860 1788 935 1855 sunt,
956 1784 1050 1840 crines
1071 1784 1127 1841 sibi
1140 1782 1304 1841 discindere
1319 1788 1406 1853 atque

284 1874 409 1932 evellere
430 1876 551 1948 soleant,
572 1877 745 1935 verisimile
766 1877 890 1949 videtur,
910 1877 941 1935 id
963 1879 1049 1935 etiam
1069 1876 1106 1935 de
1126 1877 1217 1934 Eride
1238 1892 1303 1935 esse
1322 1891 1408 1948 prae·

284 1966 423 2026 dicatum:
445 1975 478 2025 ut
497 1986 523 2026 v.
538 1970 575 2028 47
597 1971 736 2043 scripturn
757 1969 846 2029 fuerit
863 1969 940 2047 χερὶ
960 1967 994 2027 δὲ
1004 1969 1118 2047 χαίτης,
1140 1969 1275 2040 aquibus
1290 1968 1418 2047 vocibus„

284 2058 321 2116 ad
342 2061 449 2120 similes
470 2059 504 2119 δὲ
525 2062 606 2138 γαίης
619 2062 757 2122 aberrans
770 2065 869 2122 oculus
883 2064 1066 2121 librariorum
1084 2064 1114 2119 in
1133 2078 1260 2122 errorem
1282 2062 1408 2121 abduxe-

283 2151 349 2211 rit«.
395 2152 478 2212 Haec
509 2154 671 2230 Hermann,
704 2157 807 2228 quibus
836 2157 930 2215 Lehrs
958 2174 987 2229 p.
1006 2155 1075 2214 VIH
1098 2156 1153 2216 hoc
1183 2157 1275 2215 solnm
1305 2171 1405 2214 rerum

283 2246 378 2305 inesse
403 2247 539 2321 putabat,
572 2250 731 2323 »Lennepii
755 2246 843 2325 εὐρέα
866 2251 996 2323 ineptum
1021 2266 1099 2321 esse3
1130 2250 1167 2308 de
1192 2250 1311 2321 reliquis
1338 2265 1405 2307 vero

282 2339 368 2413 longe
392 2343 478 2402 aliter
504 2344 650 2402 sentimus.
691 2343 722 2402 Si
749 2343 819 2415 quid
844 2343 880 2401 de
905 2347 1004 2402 nostro
1031 2345 1059 2400 in
1087 2348 1196 2400 textum
1222 2342 1406 2401 introducere

282 2434 488 2508 voluissemus,
513 2434 584 2504 ὀξέα
604 2438 831 2509 scripsissemus,
872 2437 928 2509 Qui
949 2454 1012 2495 cnm
1033 2437 1198 2495 Hermanno
1219 2439 1248 2494 in
1269 2441 1403 2508 corrupta

282 2527 400 2598 vulgata
420 2528 584 2601 codicisque
597 2530 772 2588 Mutinensis
793 2531 918 2589 lectione
939 2547 1037 2589 vocem
1058 2525 1147 2594 οὖδας
1162 2546 1319 2602 agnoscere
1335 2530 1405 2593 vult,

285 2620 309 2678 is
330 2621 466 2680 coniiciat
485 2624 601 2695 poetam
621 2624 772 2697 scripsisse
792 2618 883 2687 οὖδας
907 2619 1056 2697 ἄκαμπτον
1081 2622 1170 2693 [quod
1194 2624 1225 2680 in
1250 2623 1406 2680 secundam

283 2712 439 2773 editionem
448 2717 571 2789 recepit]
583 2722 634 2775 aut
648 2711 805 2793 d'xapnoou.
828 2716 905 2786 Quas
919 2721 1016 2773 tamen
1030 2716 1210 2773 coniecturas
1225 2714 1269 2772 vel
1283 2718 1406 2786 propter

284 2807 505 2880 amphibrachos
525 2815 627 2868 contra
648 2810 795 2883 epicorum
815 2825 923 2868 morem
944 2809 1125 2866 continuatos
1139 2815 1220 2864 recte
1234 2806 1406 2890 improbavit

282 2901 424 2961 Toumier
442 2921 470 2976 p.
487 2910 530 2962 12.
571 2903 703 2962 Omnium
730 2904 837 2977 optime
862 2907 894 2960 ut
918 2902 993 2961 solet
1016 2899 1173 2959 Schneider
1193 2917 1221 2971 p.
1237 2905 1307 2958 411:
1341 2915 1403 2957 »er-

282 3012 348 3053 rare
375 2996 443 3053 mihi
469 2995 583 3053 videtur
603 2997 807 3068 [Hermannus]
835 2994 911 3066 quod
939 2993 976 3051 ad
1002 2991 1161 3050 furorem
1188 2991 1406 3063 significandum

282 3087 353 3147 Hriu
374 3088 433 3145 dici
451 3093 536 3160 putat
551 3105 637 3145 manu
652 3094 759 3146 terram
773 3091 935 3160 percutere.
966 3101 1059 3156 neque
1074 3086 1148 3143 euim
1162 3083 1305 3143 furentem
1319 3090 1406 3157 poeta

282 3180 330 3239 hic
343 3178 415 3238 facit
427 3180 509 3253 Erin,
530 3180 582 3239 sed
603 3183 743 3239 incertam
764 3181 833 3251 quid
853 3186 931 3251 agat,
953 3184 986 3236 ut
1005 3180 1124 3237 deornm
1145 3180 1255 3252 epulas,
1276 3178 1313 3236 ad
1334 3194 1405 3250 quas

282 3273 344 3332 sola
357 3288 414 3332 non
435 3277 500 3331 erat
519 3280 654 3332 vocataa
671 3273 769 3345 Peleo,
789 3273 895 3345 turbet,
917 3279 946 3331 et
966 3273 1050 3331 modo
1071 3273 1125 3331 hoc
1145 3272 1229 3331 modo
1249 3271 1320 3329 illud
1341 3287 1406 3329 cun·

283 3367 378 3425 silium
392 3366 553 3440 capientem
567 3365 685 3436 inducit,
703 3365 782 3422 velut
795 3370 903 3423 terram
917 3365 1012 3435 quatit
1025 3370 1058 3421 ut
1071 3364 1221 3422 Titanibus
1236 3360 1405 3421 facultatem

283 3460 333 3519 det
358 3459 535 3533 erumpendi.
566 3475 622 3531 qno
647 3463 799 3530 perspecto
826 3464 855 3515 et
880 3464 1011 3530 apertum
1040 3464 1086 3514 est
1117 3473 1235 3515 cansam
1259 3474 1315 3516 non
1342 3470 1405 3514 esse

283 3571 335 3612 cur
353 3559 420 3627 post
439 3570 465 3611 u.
481 3555 516 3610 47
538 3569 602 3611 cum
616 3552 781 3610 Hermanno
801 3555 936 3625 putemus
957 3551 1068 3622 aliquot
1082 3567 1182 3608 versus
1197 3566 1262 3608 esse
1277 3551 1405 3619 omissos,

283 3654 314 3707 et
333 3648 425 3719 quivis
445 3647 555 3705 videbit
571 3664 626 3719 pro
647 3641 750 3722 ἤθελεν
770 3643 915 3722 ὀρφναίων
936 3663 961 3702 ν.
977 3651 1013 3702 49
1035 3643 1219 3702 scribendum
1239 3632 1304 3700 es'se
1318 3637 1406 3719 ἤδελε

283 3740 312 3798 δ’
332 3737 492 3817 ὀρφναίων,
522 3746 589 3814 post
613 3739 717 3818 πέτρην
742 3741 838 3814 posita
863 3754 918 3796 non
950 3738 1073 3795 maxima
1102 3737 1348 3808 interpunctione,
1374 3742 1407 3794 ut

282 3834 434 3893 Behlrerus
454 3832 532 3907 fecit,
552 3835 604 3893 sed
624 3835 728 3893 media.
769 3834 827 3892 Sed
847 3850 883 3891 ne
904 3833 946 3890 sic
966 3831 1082 3902 quidem
1107 3836 1279 3901 personatus
1301 3835 1347 3888 est
1365 3829 1406 3887 lo·

283 3944 342 3986 cus.
373 3943 438 3985 nam
459 3944 545 3999 quum
566 3947 591 3987 v.
607 3936 643 3988 48
664 3928 837 4001 Mutinensis
857 3925 965 3983 habeat
978 3920 1040 3980 οὐδ’
1060 3921 1189 3987 ακόλπος
1202 3920 1407 3998 opaga-patet
1480 4002 1483 4007 Ι
1594 3944 1595 3947 “

284 4021 451 4093 aliudquid
472 4020 624 4096 scripsisse
645 4029 733 4093 atque
752 4018 906 4079 Behkerus
928 4017 1030 4075 edidit.
1062 4016 1139 4088 quod
1166 4016 1236 4088 quid
1255 4016 1295 4073 sit
1314 4015 1406 4072 incer·

285 4122 345 4173 turn
367 4120 438 4173 est«.
468 4116 612 4188 Equidem
633 4115 792 4173 innumeris
814 4112 976 4184 scripturae
996 4111 1073 4169 vitiis
1087 4110 1282 4168 Mutinensem
1301 4108 1407 4166 librum
