3208 4848
717 388 760 435 -’
804 387 864 450 112
909 423 951 433 -

272 588 359 647 posse
383 573 495 646 copula.
535 577 691 647 praeterea
722 573 778 631 etsi
799 570 903 649 ῥόδον,
929 572 966 631 de
994 563 1051 645 quo
1075 571 1211 630 mulieres
1234 573 1410 633 nominatim

273 685 332 728 non
351 672 434 726 erant
447 668 570 735 locutae,
592 682 628 725 en
648 663 782 742 ὡραίου
803 664 941 739 λειμῶνος
953 666 1098 725 mentione
1115 670 1264 738 arreptum
1278 666 1315 725 ab
1329 666 1409 725 Her·-

273 762 369 821 mione
390 761 447 818 dici
466 761 574 833 possit,
594 776 650 819 non
671 758 787 818 videtur
805 765 903 818 tamen
923 759 965 816 ita
984 759 1095 816 servari
1114 775 1200 831 posse
1220 760 1405 832 vocabulum.

274 859 308 912 ut
327 855 413 911 simui
432 854 489 912 ista
508 851 601 926 figura
625 859 676 911 aut
695 854 803 910 vitetur
829 857 880 911 aut
904 853 1009 925 copula
1033 853 1169 911 restituta
1195 853 1225 910 in
1249 869 1348 912 verum
1374 860 1404 911 et

274 947 472 1018 incorruptam
500 944 622 1005 formam
651 945 762 1004 redeat.
802 946 901 1017 itaque
925 944 1112 1003 amandemus
1138 945 1308 1005 vocabulum
1334 948 1409 1005 scri-

274 1039 433 1111 bamusque
446 1033 619 1114 εὔδροσον
633 1035 667 1103 ἐς
680 1038 802 1114 λειμῶνα
813 1037 877 1109 (cfr.
891 1038 1038 1110 Aristoph.
1053 1038 1106 1097 Av.
1120 1045 1175 1097 245
1193 1036 1249 1096 όσα
1263 1036 1290 1095 τ’
1304 1035 1408 1113 εὐδρό·

274 1150 346 1196 σοος
366 1133 418 1210 γῆς
438 1129 543 1196 τόπους
563 1126 650 1209 ἔχετε
671 1129 794 1208 λειμῶνά
814 1151 862 1203 τε,
882 1132 1026 1191 Theocrit.
1049 1139 1095 1204 25,
1122 1139 1157 1190 16
1179 1131 1316 1206 λειμῶνες
1337 1130 1405 1188 ὑπό·

276 1224 391 1301 δροσοι)
406 1224 483 1296 qnod
496 1225 644 1296 aliquanto
662 1227 825 1283 accuratius
840 1225 998 1298 respondet
1014 1227 1166 1284 mulierum
1181 1226 1314 1296 orationi,
1328 1241 1404 1297 qnae

276 1316 414 1394 λειμῶνος
448 1316 569 1393 δροσόεν
599 1314 694 1373 πεδίον
726 1324 964 1377 memoraverunt.
1010 1333 1045 1389 ac
1075 1317 1160 1378 video
1191 1334 1265 1376 nunc
1295 1317 1408 1376 eisdem

275 1425 387 1470 mecum
413 1411 544 1482 vestigiis
564 1410 704 1468 institisse
726 1409 879 1482 Graefium‚
905 1411 954 1482 qui
977 1406 1012 1475 ἐς
1032 1408 1138 1486 δρόσον
1163 1412 1295 1470 coniecit.
1326 1411 1404 1482 quod

276 1520 328 1563 cur
348 1502 419 1561 ferri
438 1508 565 1581 nequeat
584 1505 655 1560 satis
678 1502 786 1562 dictum
806 1509 877 1562 est«
919 1501 1006 1578 δόμον
1025 1521 1079 1577 pro
1096 1501 1185 1580 ῥόδον
1206 1506 1278 1564 coni.
1312 1504 1404 1564 Tour-

275 1597 339 1654 nier
364 1613 392 1668 p.
414 1602 465 1668 43,
497 1595 549 1653 sed
574 1596 723 1667 vulgatam
750 1599 831 1654 recte
856 1593 985 1653 defendit
1009 1595 1120 1654 Tiedke
1145 1597 1175 1654 in
1199 1597 1309 1655 Herma
1332 1597 1405 1657 XIII

276 1707 304 1763 p.
327 1695 393 1759 354,
414 1688 463 1747 ubi
483 1683 637 1761 postquam
656 1690 747 1746 multa
773 1689 874 1746 similis
901 1690 1066 1761 anaphorae
1090 1691 1221 1763 exempla
1246 1708 1282 1749 ex
1301 1692 1415 1757 Nonne,

278 1783 444 1854 collegerat,
464 1782 537 1840 haec
557 1782 594 1840 de
613 1787 712 1840 nostro
733 1783 810 1840 loco:
832 1782 944 1840 »Erunt
964 1782 1087 1841 fortasse
1107 1784 1155 1854 qui
1169 1800 1255 1841 versu
1269 1791 1326 1843 348
1340 1781 1404 1841 ολδε

278 1872 436 1939 κελεύθους
454 1871 497 1938 Ἐς
518 1872 622 1951 ῥόδον,
649 1870 685 1939 ἐς
711 1873 834 1949 λειμῶνα
855 1875 1019 1934 Golinthum
1044 1877 1125 1935 illum
1145 1877 1260 1935 dicendi
1285 1879 1402 1938 modurn

277 1968 320 2027 ita
340 1969 484 2026 imitatum
504 1985 568 2027 esse
589 1969 754 2027 existiment
774 1972 810 2040 (v.
825 1968 910 2029 Dion.
932 1970 1027 2028 V262
1048 1969 1090 2035 εἰς
1111 1966 1186 2042 ἕλος,
1207 1969 1250 2036 εἷς
1270 1970 1402 2045 λειμῶνα,

276 2061 361 2120 Ι112
382 2057 437 2139 οὐχ
451 2057 528 2134 ἕλος,
548 2058 582 2119 οὐ
597 2061 742 2138 λειμῶνες,
762 2063 804 2120 IV
818 2069 873 2121 299
894 2062 927 2118 od
948 2062 1042 2138 νομόν,
1062 2061 1096 2120 οὐ
1117 2062 1251 2138 λειμῶνα)
1273 2070 1306 2122 ut
1326 2081 1407 2124 eum·

279 2155 345 2214 dem
358 2156 491 2214 Nonnum
512 2163 628 2215 secutus
650 2157 733 2214 simul
746 2173 879 2216 rosarum
896 2158 1069 2216 mentionem
1090 2156 1200 2216 faceret
1221 2162 1259 2227 (v.
1274 2158 1358 2218 Dion.
1373 2159 1407 2217 11

280 2252 316 2308 79
333 2247 451 2327 ῥοδόεις
471 2245 498 2306 δ’
523 2246 688 2326 ἀμαθύνετο
709 2247 821 2325 λειμών,
841 2249 965 2312 XLVIII
980 2256 1036 2308 514
1056 2248 1251 2315 ἀνθεμόεντος
1270 2247 1332 2308 ἔσαν
1349 2251 1403 2308 λει-

274 2343 382 2419 μῶνος,
402 2343 527 2401 XXXIV
543 2347 597 2403 107
619 2338 722 2400 οὔποτε
741 2344 818 2400 τοῖον
832 2339 933 2417 ἄγουσι
943 2340 1032 2420 ῥόδον
1048 2336 1313 2419 λειριοννόδεςὮραι,
1326 2345 1408 2402 Μοε,

278 2454 305 2493 ν.
327 2444 363 2496 60
380 2434 479 2513 ῥόδων
500 2436 645 2513 λειμῶνα).
683 2439 758 2496 Nam
784 2437 906 2494 anciliae
931 2435 1048 2507 quidem
1067 2453 1093 2493 v.
1115 2443 1171 2494 342
1197 2436 1331 2495 dixerant
1356 2437 1406 2495 καλ

277 2526 312 2594 ἐς
332 2528 456 2605 λειμῶνα
466 2529 597 2605 μολοῦσα
611 2527 726 2605 Ὡράανν
746 2527 965 2605 δροσόεντος
986 2526 1058 2603 ὑπὲρ
1073 2527 1181 2585 πεδίοιο
1195 2527 1330 2602 θαάσσει,
1351 2531 1404 2589 sed

192 2660 202 2676 .
278 2622 345 2680 ideo
365 2622 540 2680 Hermionae
561 2638 675 2693 quoque
699 2622 844 2681 roscidum
870 2628 985 2694 pratum
1006 2622 1209 2695 appellandum
1237 2621 1327 2682 fuisse
1346 2641 1403 2682 non

280 2714 342 2774 iere
363 2714 514 2786 quisquam
533 2714 678 2786 probabit.
708 2715 773 2773 Hoc
793 2722 904 2773 certum
923 2714 1046 2783 videtur,
1067 2716 1092 2772 si
1111 2715 1141 2772 id
1155 2716 1294 2774 voluisset
1308 2717 1403 2776 Golln·

279 2807 356 2880 thus,
378 2824 442 2866 eum
455 2826 512 2869 nou
526 2804 665 2885 εὔδροσον
682 2809 813 2884 λειμῶνα,
835 2809 912 2881 quod
930 2807 1038 2867 frustra
1052 2808 1254 2882 Aristophanis
1274 2813 1406 2884 exemplo

280 2901 460 2975 defenditur,
486 2905 659 2976 scripturum
685 2903 790 2972 fuisse,
817 2903 868 2962 sed
894 2902 937 2968 εἷς
961 2901 1102 2978 δροσερὸν
1129 2902 1252 2979 λειμῶνα
1273 2905 1351 2976 quod
1371 2920 1407 2963 ex

278 2995 381 3053 Nomio
401 2996 475 3054 bene
495 3003 592 3055 norat:
614 2996 669 3054 VII
689 3004 744 3056 346
765 2995 814 3052 καὶ
836 2995 978 3072 δροσεροῦ
999 2995 1145 3070 λειμῶνος,
1165 2995 1249 3054 XLII
1269 2995 1318 3052 καλ
1337 2996 1404 3072 δρο-

280 3086 366 3164 σερὸν
387 3087 524 3162 λειμῶνα,
549 3090 577 3146 Κ
599 3096 634 3147 16
654 3087 698 3154 εἷς
722 3087 881 3165 δροσεροὺς
907 3088 1074 3163 λειμῶνας(
1101 3122 1136 3131 -
1163 3089 1265 3164 λειμων
1292 3085 1341 3146 ἄτι
1360 3089 1409 3161 Μ;

280 3199 328 3241 noc
347 3178 518 3256 φθεγγεσθε
537 3181 583 3254 Μ,
609 3181 685 3240 unde
702 3201 753 3252 μοι
772 3179 942 3258 φθέγγεσθε
963 3182 1027 3240 edd.
1055 3181 1123 3240 inde
1149 3182 1332 3241 aBelrkero.
1368 3200 1407 3258 με

282 3270 455 3351 φθέγξασθε
474 3275 537 3331 rell.
559 3274 624 3332 edd.
645 3281 676 3332 et
696 3275 778 3334 codd.
794 3275 866 3333 dett.
881 3282 1000 3348 praeter
1015 3275 1046 3348 Ο,
1067 3275 1117 3346 qui
1131 3275 1163 3331 τί
1168 3273 1210 3351 μέ
1220 3273 1410 3352 φθέγξασθαι

281 3401 386 3472 habet3
407 3364 538 3477 γονοῖκΐς
558 3400 588 3461 O.
613 3432 647 3443 -
673 3401 745 3460 Post
764 3401 840 3459 hunc
862 3419 975 3460 versum
999 3404 1125 3474 quinque
1142 3403 1289 3460 minimum
1308 3406 1408 3461 versus

283 3494 465 3552 intercidisse
488 3500 569 3552 recte
594 3494 667 3552 vidit
691 3494 851 3553 Schneider
876 3512 904 3567 p.
925 3498 990 3554 40⁷.
1016 3502 1087 3555 408:
1120 3496 1230 3556 »omnis
1258 3497 1332 3555 enirn
1358 3496 1413 3553 ille

282 3603 386 3659 sermo,
407 3587 456 3658 qui
476 3593 524 3645 est
543 3604 561 3645 a
580 3605 667 3647 versu
687 3595 743 3647 330
763 3587 801 3646 ad
821 3605 847 3645 v.
870 3597 935 3662 362,
957 3606 1015 3648 non
1034 3593 1133 3663 potest
1153 3591 1254 3649 eodem
1275 3596 1407 3663 tempore

282 3680 398 3739 habitus
419 3695 491 3738 esse.
531 3697 597 3739 uam
620 3697 682 3739 eam
704 3684 765 3740 eius
786 3689 914 3756 partem,
940 3692 1080 3755 quaeest
1101 3701 1119 3742 a
1143 3701 1218 3742 vers.
1240 3692 1296 3743 330
1316 3699 1414 3754 usque

283 3772 321 3831 ad
341 3791 367 3829 v.
383 3781 439 3833 348
460 3782 584 3848 apparet
602 3775 733 3834 habitam
754 3793 819 3836 esse
840 3793 954 3849 mane,
974 3794 1061 3848 quum
1079 3777 1235 3838 Hermione
1258 3774 1419 3852 ἱσταμένηο

235 3864 238 3872 ‘
282 3862 439 3944 ἠριγενείης
458 3872 496 3938 (n
512 3870 579 3939 327)
602 3885 700 3927 somno
721 3870 817 3928 soluta
838 3876 960 3927 matrem
980 3869 1162 3929 desideraret
1179 3876 1209 3928 et
1222 3887 1325 3929 servae
1340 3886 1409 3940 que·

284 3962 395 4016 rentem
417 3960 559 4020 dominam
585 3968 759 4020 conarentur
782 3963 932 4020 consolari.
974 3966 1100 4033 atquae
1125 3968 1193 4035 post
1212 3981 1238 4019 v.
1261 3970 1316 4022 348
1338 3961 1411 4019 dicit

284 4051 452 4126 Hermione,
471 4055 501 4111 in
521 4069 673 4126 vesperum
695 4059 833 4126 vergente
854 4054 902 4112 die
922 4070 986 4112 eam
1005 4055 1085 4126 loqui
1104 4054 1288 4114 manifestum
1309 4059 1355 4112 est
1375 4071 1414 4111 en
