3208 4848
658 376 869 440 -37..

202 563 411 637 Erymanthum
431 578 496 620 cnm
509 561 655 637 Alpheos
672 566 760 635 poeta
779 560 923 635 contundi,
945 568 997 622 ant
1009 561 1113 622 referri
1125 562 1199 622 adeo
1212 565 1327 638 poetice

203 656 242 715 ad
260 656 341 714 illum
359 655 399 729 id,
419 655 496 728 qnod
515 655 646 729 proxime
666 654 704 713 ed
720 656 796 715 buno
808 656 982 729 pertinebat.
1013 657 1119 716 Verum
1136 657 1193 716 etsi
1205 659 1247 717 sic
1259 658 1327 717 huic

204 748 319 810 Soluthi
338 749 536 823 geographiae
556 749 617 807 veri
631 749 743 822 species
763 749 867 808 subiici
885 749 1013 823 videtur3
1034 751 1209 811 constructio
1230 757 1327 811 tamen

203 842 423 916 impeditissima
442 847 546 902 manet.
577 841 714 917 Suspicor
734 844 842 917 itaque,
865 844 958 902 latere
978 845 1008 901 in
1028 845 1143 903 nomine
1156 844 1327 918 Erymanthi

204 942 255 995 aut
273 952 378 995 nomen
398 934 546 1010 proprium
565 935 635 1008 loci,
655 951 713 994 non
732 936 817 993 nimis
838 937 941 995 remoti
961 936 998 995 ab
1017 937 1148 996 Eurotae
1168 937 1258 1010 ostio,
1279 954 1327 996 ve·

204 1028 259 1087 luti
280 1025 497 1104 Ψαμαόοῦντος,
517 1032 569 1087 aut
581 1024 658 1100 quod
678 1027 791 1088 facilius
811 1029 935 1103 videtur,
955 1019 1107 1103 epitheton
1120 1030 1324 1104 praecedentis

205 1121 376 1181 substantivi
397 1121 576 1194 exquisitius,
596 1126 629 1179 ut
647 1138 733 1180 versu
752 1125 929 1197 transposito
949 1124 1108 1184 scribatur:

395 1229 480 1292 ἔνθεν
500 1232 705 1312 ἀνερχομένοιο
724 1231 787 1313 παρ’
812 1233 946 1313 εἰαμενὰς
965 1233 1150 1315 ἐριανόεῖς

396 1324 561 1406 κεκλιμένην
581 1322 699 1402 ἐνόησεν
719 1323 763 1393 ἐπ’
776 1325 915 1407 Εὐρώταο
931 1329 1071 1408 ῥεέθροις

395 1417 528 1496 Σπάρτην
548 1417 758 1496 καλλιγύναικα,
777 1420 858 1501 φίλην
878 1422 956 1481 πόλιν
976 1419 1155 1501 Ἀτρείωνος.

204 1534 317 1597 Adiect.
356 1530 492 1613 ἐριανόής
513 1536 666 1608 analogiae
692 1537 824 1595 convenit
845 1539 877 1592 ut
901 1529 1039 1611 ἐριόαλὴς
1063 1540 1093 1593 et
1117 1530 1255 1614 ἐριθηλής
1278 1552 1326 1611 ap.

203 1631 327 1704 Hesych.
353 1631 450 1690 Nolim
473 1632 572 1703 itaque
596 1629 703 1690 formas
729 1631 896 1689 usitatiores
921 1624 1054 1692 εὐανθεῖς
1079 1634 1131 1686 aut
1155 1627 1327 1694 πολοανόεῖς

204 1724 251 1783 hio
274 1722 390 1783 inferre.
430 1726 491 1783 Iam
511 1724 636 1784 Eurotas
660 1724 766 1782 dieitur
790 1720 967 1800 ἀνέρχεσθαι
990 1719 1054 1798 παρ’
1074 1720 1209 1797 εἰαμενὰς
1234 1720 1326 1798 ἐριαν-

204 1815 276 1890 θεῖς,
297 1823 439 1890 quatenus
452 1817 536 1876 Paris
556 1816 593 1875 ab
614 1818 688 1876 ostio
708 1815 833 1874 fluminis
854 1831 953 1874 versus
966 1814 1067 1873 urbem
1081 1814 1221 1888 ascendit,
1243 1814 1324 1893 ἀνέρ-

203 1928 305 1987 χεται,
331 1916 361 1969 et
386 1911 428 1968 sic
453 1911 481 1968 ei
501 1909 604 1968 fluvius
630 1909 768 1969 adversus
794 1910 900 1968 sensim
925 1926 957 1967 se
982 1909 1145 1981 sensimque
1172 1926 1263 1982 nsque
1289 1910 1328 1970 ad

205 2003 305 2062 urbem
330 2005 434 2076 aperit.
474 2005 566 2063 Recte
592 2019 660 2062 vero
685 2001 817 2076 εἰαμεναί
838 2007 904 2060 sunt
928 2003 993 2062 looa
1017 2003 1068 2060 illa
1092 2002 1278 2075 depressiora
1298 2011 1329 2062 et

206 2094 269 2155 iere
288 2096 430 2169 paludosa
450 2097 487 2174 ad
500 2097 650 2168 Eurotam,
672 2111 746 2168 qnae
760 2097 845 2167 longe
858 2097 976 2167 lateque
990 2094 1100 2155 floridis
1114 2096 1207 2168 pratis
1221 2098 1328 2155 vestita

205 2187 304 2261 foisse,
325 2188 476 2262 probabile
497 2195 550 2248 est.
580 2191 626 2249 Ita
645 2191 718 2249 haec
737 2188 858 2248 ferenda
877 2189 1020 2261 videntur,
1044 2190 1101 2247 etsi
1121 2190 1219 2257 malim
1233 2206 1249 2247 e
1262 2189 1326 2250 cod.

205 2281 315 2341 offerri:
336 2277 424 2340 ἔνθα
444 2282 693 2362 κατερχομένοιο.
723 2282 848 2342 Efficere
869 2283 953 2355 enim,
973 2288 1006 2340 ut
1018 2282 1205 2356 participium
1219 2281 1256 2340 de
1269 2283 1325 2341 Pa·

205 2375 261 2433 ridi
281 2375 403 2448 dicatur,
423 2377 525 2435 veluti:

358 2482 451 2559 ἔνθεν,
472 2486 692 2566 ἀνερχόμενος
712 2484 822 2563 Πάρις
841 2484 975 2561 εἰαμενὰς
994 2482 1148 2560 ἐριανιλεῖς,

205 2596 225 2651 i.
245 2611 268 2653 e.
295 2591 455 2674 ἐρχόμενος
479 2596 535 2656 ἀνὰ
560 2597 694 2674 εἰαμενὰς
713 2593 757 2674 ἐρ.
782 2598 812 2655 id
838 2598 902 2656 aliis
928 2595 1144 2658 difficultatibus
1170 2599 1326 2672 premitur3

205 2688 281 2760 quod
302 2694 399 2747 autem
419 2690 449 2747 in
470 2691 624 2763 antiquiori
644 2697 732 2765 poeta
751 2691 918 2752 facillimum
939 2700 1029 2753 esset:

359 2785 443 2847 ἔνθεν
463 2789 678 2871 ἀνερχόμενος
697 2792 714 2849 ό
734 2799 814 2870 παρ’
835 2793 969 2871 εἰαμενὰς
988 2791 1135 2871 ἐριανιλεΐς

207 2890 320 2951 Soluthi
340 2908 440 2951 versus
459 2909 517 2952 non
536 2895 706 2966 permittit«
739 2895 898 2955 Schneider
917 2913 945 2969 p.
961 2899 1113 2956 417-419
1131 2914 1231 2958 versus
1251 2900 1327 2959 sicut

206 3001 289 3045 ame
309 2985 380 3044 editi
402 2991 477 3059 sunt,
499 2986 650 3061 disposuit,
672 2988 760 3047 etad
780 2989 926 3061 vulgatam
940 2990 1166 3061 convellendam,
1187 3008 1327 3065 suamque

206 3081 399 3139 coniecturam
425 3078 627 3139 stabiliendam
650 3081 722 3140 haec
745 3082 880 3154 protulit:
915 3088 963 3140 eat
989 3099 1081 3142 novae
1105 3100 1172 3143 mox
1196 3086 1329 3145 emuntur

208 3171 392 3231 difficultates
418 3174 448 3230 in
478 3175 673 3245 sequentibus.
713 3192 780 3234 nam
808 3181 962 3248 postquem
986 3176 1130 3249 Mycenen
1159 3179 1329 3237 memoravit

206 3266 365 3340 Celinibus,
386 3268 483 3327 Parim
498 3275 598 3328 narrat
610 3270 718 3328 vidisse
734 3270 869 3344 Spartam
883 3277 913 3329 et
926 3271 1108 3346 Therapnen,
1128 3270 1252 3343 indeque
1271 3287 1329 3330 non

206 3361 263 3420 iam
283 3361 334 3420 diu
353 3364 514 3435 navigasse,
535 3362 588 3421 sed
607 3379 673 3422 mox
692 3380 780 3422 naves
801 3365 949 3437 appulisse
970 3370 1000 3423 et
1013 3365 1148 3437 Spartam
1166 3361 1328 3437 proiectum

205 3469 277 3515 esse.
317 3455 347 3513 in
366 3471 423 3528 quo
442 3457 497 3514 hoo
516 3471 655 3529 perquam
679 3458 783 3514 mirum
803 3456 922 3527 accidit,
943 3456 1019 3529 quod
1039 3457 1137 3536 Paris,
1162 3472 1248 3529 quum
1269 3457 1328 3515 iam

204 3546 325 3606 vidisset
354 3548 489 3621 Spartam
520 3564 583 3606 eum
613 3549 707 3606 vicina
737 3549 902 3622 Therapne,
933 3566 989 3621 quo
1020 3549 1189 3609 intendebat
1219 3556 1249 3608 et
1278 3549 1328 3608 ubi

204 3655 270 3698 mox
289 3646 425 3700 narratur
443 3642 553 3714 regiam
572 3640 702 3700 Menelai
721 3641 837 3700 domum
856 3642 980 3715 adiisse,
1006 3648 1103 3701 tamen
1129 3643 1186 3701 alio
1211 3643 1328 3701 interim

204 3749 291 3793 naves
312 3733 434 3807 direxit,
460 3740 493 3793 ut
516 3735 610 3795 denuo
630 3735 698 3793 inde
717 3736 852 3809 Spartam
872 3736 988 3793 viseret.
1018 3733 1088 3793 ferri
1108 3735 1180 3794 haec
1199 3742 1328 3813 possent,

204 3827 230 3885 si
250 3829 340 3886 statui
359 3828 462 3887 liceret
480 3828 591 3901 Parim,
617 3845 703 3901 quum
724 3845 742 3886 a
761 3828 884 3901 Mycena
905 3829 1022 3887 veniens
1042 3834 1162 3901 praeter
1181 3829 1328 3889 hanoniae

204 3918 285 3978 littus
307 3918 383 3991 quod
404 3919 601 3980 adorientem
626 3920 716 3979 solem
741 3925 856 3993 spectat
874 3920 1044 3992 navigabat,
1071 3937 1087 3979 e
1110 3922 1198 3980 mari
1219 3922 1327 3983 vidisse

205 4010 339 4085 Spartam
361 4019 391 4072 et
410 4012 593 4086 Therapnen.
634 4013 718 4087 Quod
738 4030 826 4087 quum
844 4014 924 4073 nullo
944 4014 1029 4074 modo
1049 4016 1192 4088 potuerit,
1213 4016 1257 4076 ita
1276 4033 1328 4091 po·

204 4106 262 4164 tius
288 4106 486 4176 statuendum,
513 4124 613 4166 versus
640 4114 801 4167 aaa—229
822 4108 926 4181 quibus
951 4109 1053 4167 ultinm
1077 4109 1327 4181 navigationis
