3210 4836
210 1209 506 1305 ΚΟΛΛθΥΘΟΥ
537 1207 748 1302 ΠΟΙΗΤΟΥ
778 1203 1124 1299 ΑΥΚΟΙΙΟΑΙΤΟΥ
1143 1202 1334 1297 ΑΡΙΙᾹΓΗ

604 1360 701 1454 ΤΗΣ
732 1356 939 1455 ΕΛΕΝΗΣ.

366 1550 490 1634 Νύμφαι
517 1548 683 1632 Τρωιάδες,
707 1548 847 1626 ποταμοῦ
869 1542 1005 1606 Ξάνθοιο
1029 1541 1170 1626 γενέθλη,

365 1660 396 1722 οἳ
418 1660 583 1741 πλοκάμων
606 1657 767 1743 κρήδεμνα
788 1657 837 1718 καὶ
858 1657 928 1738 ἱερὰ
950 1653 1071 1734 παίγνια
1088 1654 1207 1740 χειρῶν
1325 1728 1329 1735 ⁶

367 1769 493 1832 πολλάκι
516 1765 696 1854 πατρῴῃσιν
720 1765 767 1828 ἐπὶ
790 1754 964 1849 ψαμάθοισι
986 1764 1128 1827 λιποῦσαι

367 1878 401 1952 ἐς
410 1878 509 1966 χόρον
531 1877 680 1964 Ἰδαίῃσιν
703 1874 912 1940 ἐπεντύνεοθε
929 1874 1079 1962 χορείαις,

314 2009 330 2060 5
366 1989 466 2068 δεῦτε,
491 1986 730 2072 θεμιστοπόλοιο
754 1988 895 2074 νοήματα
914 1985 1138 2072 μηλοβοτῆρος

366 2098 471 2164 εἴπατέ
491 2123 554 2183 μοι,
578 2098 761 2170 κελάδοντος
784 2095 997 2181 ἀπορνύμεναι
1019 2098 1179 2179 ποταμοῖο,

366 2211 403 2284 ἐξ
423 2210 527 2293 ἀρέων
550 2206 648 2271 πόθεν
671 2205 768 2296 ἦλθεν
791 2206 895 2294 ἀήθεα
918 2205 1029 2269 πόντον
1052 2204 1200 2284 ἐλαύνων,

366 2321 541 2403 ἀγνώσσων
563 2319 638 2393 άλδς
660 2316 754 2402 ἔργα;
778 2315 807 2380 τί
826 2317 862 2380 δὲ
879 2316 978 2405 χρέος
1000 2312 1109 2379 ἔπλετο
1133 2319 1215 2402 νηῶν

368 2431 560 2517 ἀρχεκάκων,
581 2427 630 2491 ἵνα
653 2426 764 2490 πόντον
786 2425 864 2510 δμοῦ
888 2427 936 2488 καί
958 2426 1049 2507 γαῖαν
1071 2424 1159 2512 ὀρίνῃ

303 2557 335 2609 10
368 2538 543 2621 βουκόλος·
566 2536 682 2624 ὠγυγίη
705 2536 742 2599 δὲ
763 2535 806 2610 τίς
832 2532 941 2599 ἔπλετο
964 2535 1079 2609 νείκεος
1101 2534 1194 2624 ἀρχή,

368 2647 456 2735 όφρα
479 2650 527 2713 καὶ
549 2647 733 2713 ἀθανάτοισι
755 2645 984 2732 θεμιστεύσωσι
1006 2650 1134 2734 νομήες;

369 2760 412 2834 τίς
434 2758 470 2822 δὲ
493 2757 686 2845 δικασπολίη;
709 2757 808 2823 πόθεν
830 2756 935 2822 ἔκλυεν
957 2754 1075 2841 οόνομα
1098 2756 1221 2844 νύμφης

367 2869 515 2957 Ἆργείης;
538 2869 628 2934 αὐτοὶ
649 2869 710 2954 γδιρ
735 2868 921 2956 ἐθηήσασθε
940 2868 1093 2950 μολοῦσαι

368 2978 485 3066 Ἰδαίης
506 2981 691 3066 τρικάρηνον
714 2979 772 3042 ὑπὸ
796 2983 929 3066 πρηῶνα
953 2977 1128 3065 Φαλάκρης,

305 3107 336 3157 15
371 3089 419 3152 καὶ
442 3088 541 3173 Πάριν
564 3086 751 3153 οἰοπόλοισιν
775 3088 992 3175 ἐφεδριόωντα
1014 3088 1157 3163 θοώκοις,

370 3200 419 3261 καὶ
441 3198 583 3281 Χαρίτων
604 3200 766 3282 βασίλειαν
792 3198 1004 3287 ἀγαλλομένην
1025 3197 1214 3285 Ἀφροδίτην.

406 3304 463 3382 Ὣς
483 3307 501 3369 δ
520 3307 580 3391 μὲν
602 3308 796 3395 ὑψιλόφοισιν
819 3308 852 3372 ἐν
874 3307 1000 3394 οὔρεσιν
1024 3311 1194 3397 Αίμονιήων
1310 3375 1317 3393 ,

267 3504 272 3513 ¹
372 3416 543 3504 νυμφιδίων
561 3416 690 3506 Πηλῆος
711 3419 903 3502 ἀειδομένων
926 3419 1079 3499 όμεναίων

235 3556 240 3569 ·
373 3528 475 3616 Ζηνὸς
496 3527 730 3614 ἐφημοσύνῃσιν
753 3527 900 3615 ἐῳνοχόει
924 3527 1128 3616 Γανυμήδης·

304 3658 339 3712 20
374 3642 460 3703 πῶσα
481 3638 517 3701 δὲ
540 3637 726 3703 κυδαίνουσα
748 3637 839 3703 θεῶν
859 3636 994 3702 ἔσπευδε
1015 3637 1147 3723 γενέθλη

371 3748 631 3837 αὐτοκασιγνήτην
654 3749 844 3813 λευκώλενον
865 3747 1071 3835 Ἀμφιτρίτης·
1174 3764 1176 3769 ’

373 3858 455 3932 Ζεὺς
463 3859 521 3942 μὲν
538 3858 593 3922 ἀπ’
612 3859 793 3943 Οὐλύμποιο,
808 3857 994 3922 Ποσειδάων
1010 3859 1046 3922 δέ
1057 3858 1237 3945 θαλάσσης·

374 3966 408 4030 ἐκ
429 3969 465 4031 δὲ
488 3969 715 4063 Μελισσήεντος
737 3968 792 4032 ἀπ’
819 3968 955 4052 εδύδμου
975 3967 1133 4044 Ἑλικῶνος

375 4077 530 4141 Μουσάων
545 4079 719 4165 λιγύφωνον
741 4080 826 4161 ἄγων
843 4082 941 4168 χορόν
960 4078 1057 4168 ήλθεν
1071 4078 1238 4142 Ἀπόλλων·

223 4203 278 4270 [39]
306 4204 341 4256 25
370 4184 531 4275 χρυσείοις
551 4186 583 4249 δ’
605 4187 758 4273 ἑκάτερθε
782 4189 1002 4273 τινασσόμενος
1024 4189 1205 4252 πλοκάαοισι
