3210 4836
658 394 984 479 -aa-'

207 602 366 661 Hermanni
380 603 535 673 sententia,
549 601 598 672 qui
617 619 645 673 p.
662 608 697 660 10
712 602 857 673 vulgatam
872 601 1044 674 scripturam
1059 603 1215 663 correctori
1228 602 1327 662 deberi

207 697 280 755 vidit
314 696 383 755 »sed
408 697 447 767 is,
475 703 508 753 ut
534 694 702 768 oportebat,
729 691 930 770 ἐπεσσομένων
954 696 1112 769 scripserat
1138 698 1206 768 [non
1230 696 1327 787 credo]

208 790 284 862 quod
305 792 399 849 estin
418 789 480 848 cod.
504 788 589 848 Goth.
616 790 773 861 [pessimae
791 790 897 863 notael.
936 789 994 849 Pro
1019 806 1055 849 ea
1078 806 1149 850 uoce
1176 792 1328 864 genuinam

206 884 378 955 scripturam
405 880 487 938 dedit
511 880 574 939 cod.
600 879 675 938 Mut.
696 876 744 936 ἀπ’
773 877 905 957 εὐόδμου.
944 882 990 940 Ea
1014 883 1117 941 mirum
1142 890 1187 942 est
1211 899 1265 943 nec
1283 884 1329 942 Iu·

206 976 327 1046 lianum,
352 975 401 1045 qui
420 974 599 1032 Nicandrum
618 973 704 1032 Ther.
721 983 755 1033 ll
783 972 939 1050 [Ἀσκραῖος
955 974 1099 1053 μυχάτοιο
1118 973 1330 1053 Μελισσήεντος

205 1066 249 1126 ἐπ’
274 1065 382 1148 ὄχθαις
395 1067 527 1134 Ἡσίοδος
547 1067 687 1136 κατέλεξε
707 1065 775 1144 παρ’
800 1065 886 1127 ὕδασι
900 1065 1093 1146 Περμησσοῖο]
1113 1071 1232 1142 eiusque
1250 1071 1331 1130 seho-

206 1165 312 1223 liasten
331 1163 464 1221 attulerit
484 1163 525 1238 [p.
542 1170 558 1222 5
581 1163 626 1221 ed.
640 1163 723 1222 Keil:
749 1161 944 1240 Μελισσήεντοι
964 1162 1000 1222 δέ
1017 1184 1086 1242 φησι
1105 1163 1155 1223 τὸν
1174 1162 1260 1221 τόπον
1280 1164 1330 1221 τοῦ

201 1258 363 1328 Ἑλικῶνος,
384 1252 415 1313 ἐν
435 1250 461 1333 ᾧ
482 1253 550 1333 εὗρε
570 1255 625 1321 τὰς
646 1253 774 1324 Μούσας,
796 1253 830 1321 ὃς
849 1252 944 1321 οὕτως
963 1253 1073 1335 ἐκλήθη
1093 1256 1148 1315 ἀπὸ
1162 1256 1332 1324 Μελισσέως

204 1347 431 1427 βασιλεύσαντος
450 1350 502 1406 τοῦ
522 1348 621 1424 τόπου]
647 1368 702 1409 nec
722 1368 870 1410 censorem
894 1353 956 1410 eius
975 1351 1261 1427 Heidelbergensem‚
1282 1368 1331 1426 qui

207 1446 420 1505 adnotationem
441 1445 544 1502 Iuliani
572 1446 750 1515 tractaverit,
772 1446 815 1503 uti
835 1447 962 1504 scivisse.
1002 1448 1098 1506 Aliter
1116 1447 1255 1505 vidissent
1274 1445 1331 1504 Me·

208 1537 372 1616 λισσήευτυς
392 1539 448 1598 1ουί
468 1540 497 1595 iu
517 1539 657 1596 Helicone
677 1556 780 1597 nomen
800 1557 865 1598 esse
885 1542 1060 1613 proprium«.
1101 1541 1241 1601 Probarit
1258 1542 1331 1601 haec

208 1636 294 1693 etiam
306 1631 465 1691 Schneider
477 1650 506 1704 p.
517 1639 582 1690 422.
599 1662 633 1674 -
649 1627 788 1696 ἐλικῶυος
800 1633 1001 1705 MOQQGL,
1016 1633 1067 1710 λιμ.
1082 1651 1118 1692 ex
1132 1633 1189 1710 λυη.
1204 1635 1240 1706 O;
1253 1633 1331 1711 άγων

207 1729 240 1786 Μ
262 1736 286 1786 1.
315 1725 394 1802 ἄγων
413 1727 446 1784 Μ
467 1732 511 1799 2;’
528 1746 620 1805 χορον
639 1727 673 1784 M
694 1734 729 1796 1.,
755 1725 846 1804 χορὸν
871 1727 903 1784 Μ
925 1734 956 1798 2;
990 1723 1077 1804 ἦλθεν
1106 1745 1142 1786 ex
1170 1727 1257 1805 ἦλθεν
1280 1730 1331 1803 Μ.,

208 1818 280 1899 ἦλθε
301 1820 331 1879 C.
364 1853 397 1862 -
429 1836 482 1879 vv·
504 1817 640 1879 25-26
674 1821 743 1877 olim
772 1825 840 1893 post
865 1838 891 1878 v.
910 1828 946 1880 38
976 1821 1155 1894 legebantur.
1196 1819 1238 1881 25
1261 1843 1333 1901 χρυ·

209 1932 300 1979 σειυις
315 1913 347 1970 Μ
365 1922 390 1972 1.
410 1912 558 1991 χρυσείοις
572 1913 658 1984 Mn.;
679 1911 708 1970 δ’
727 1908 873 1988 ἑκάτερθε
883 1913 954 1985 ΙΙΜ;
975 1911 1196 1989 τλινοισσόμενος
1210 1916 1248 1985 Q;
1267 1915 1333 1972 πλυ·
1419 1942 1422 1949 ·

209 2007 311 2083 κάμοις
333 2008 380 2078 Μ;
408 2040 441 2048 -—
470 2005 513 2065 26
534 2004 624 2082 κέρσε
644 2004 736 2082 κόμης
761 2002 883 2083 ζεφύρου·
897 2006 945 2077 Μ;
970 2006 1149 2082 στιφελιῖετο
1172 2008 1245 2080 AQ3
1268 2012 1333 2087 χοῖ-

209 2121 262 2165 τυις
281 2102 327 2173 Μ;
356 2103 460 2180 χαίτης
483 2103 546 2161 rell.
567 2101 650 2160 codd.
670 2106 700 2159 et
726 2101 790 2159 edd.
811 2107 878 2174 post
897 2099 1033 2169 Bekker.‚
1054 2099 1157 2178 χαίτην
1178 2102 1243 2160 edd.
1264 2110 1331 2161 ante

209 2194 335 2253 Bekker.
377 2196 447 2255 (lum
468 2195 615 2253 Bacchum
640 2212 694 2267 per
712 2210 811 2254 rocem
838 2192 949 2270 βότρυς
977 2194 1132 2266 significari
1157 2195 1333 2254 crediderint

209 2289 333 2361 pleriqui
359 2290 451 2347 critici
476 2297 544 2347 ante
571 2287 730 2360 Gramion,
761 2289 881 2360 Lennep
911 2290 1042 2347 innotis
1073 2295 1104 2347 et
1129 2289 1159 2344 in
1184 2288 1332 2348 Animadv.

210 2402 238 2455 p.
259 2390 313 2442 116
340 2383 491 2461 χρυσείοις
516 2379 543 2438 δ’
573 2378 713 2457 ἑκάτερθ’
747 2378 979 2457 ἐπινεισσόμενος
1009 2380 1179 2457 πλοκάμοισι
1203 2383 1334 2454 coniecit,

211 2476 345 2546 quoniam
371 2491 452 2533 »curn
476 2481 576 2533 noster
600 2475 647 2532 hic
673 2475 777 2547 procul
803 2474 890 2534 dubio
914 2476 1051 2548 voluerit,
1076 2476 1221 2535 Bacchum
1247 2477 1333 2534 etiam

211 2571 292 2628 iuxta
312 2586 374 2627 cum
396 2570 462 2627 aliis
487 2570 542 2627 diis
568 2568 606 2628 ad
625 2568 707 2626 Pelei
734 2573 764 2627 et
785 2567 917 2626 Thetidis
941 2570 1057 2642 nuptias
1081 2569 1240 2643 proiectum
1261 2585 1335 2642 esse,

210 2664 375 2722 necessario
412 2663 530 2721 verbum
560 2660 677 2733 aliquod
707 2668 814 2720 motum
844 2661 1006 2734 significans
1037 2663 1219 2721 desideratur
1240 2705 1247 2719 .
1269 2705 1277 2720 .
1298 2704 1334 2722 ..

211 2758 352 2815 Praetera
370 2754 488 2831 βότρυς,
513 2756 569 2827 vel,
589 2760 623 2812 ut
641 2762 722 2814 recte
742 2756 810 2813 clar.
842 2756 989 2816 D'Oruille
1009 2757 1151 2828 emendat,
1169 2755 1287 2832 βότρυν,
1307 2757 1332 2813 si

211 2852 268 2908 iam
288 2866 352 2909 cum
371 2852 473 2927 χαίτην
493 2851 606 2922 iungas,
627 2848 714 2908 facile
736 2850 829 2921 liquet
841 2850 914 2908 illud
931 2850 1034 2928 χαίτην
1054 2853 1083 2909 in
1100 2852 1206 2929 χαίτης
1224 2854 1335 2906 mutan·

213 2943 289 3014 dum,
301 2941 539 3014 quemadmodum
551 2943 580 2998 in
595 2948 719 3013 quatuor
733 2943 879 3000 minimum
891 2942 1044 3002 (lodicibus
1060 2949 1236 3003 exaratum«.
1256 2940 1336 2999 Idem
1373 3011 1383 3018 p

211 3036 330 3108 Lennep
350 3042 429 3095 recte
454 3036 598 3094 intellexit
623 3036 675 3094 hos
702 3032 802 3094 versus
824 3035 940 3094 aliunde
965 3038 995 3093 in
1021 3038 1115 3096 locum
1141 3052 1226 3109 quem
1249 3051 1333 3094 occu-

213 3129 331 3202 pabant,
351 3128 448 3186 illatos
470 3143 547 3186 esse:
570 3128 731 3200 »Loquitur
749 3128 931 3204 [colluthus]
948 3129 984 3188 de
1000 3130 1101 3203 Eride,
1117 3146 1201 3202 quam
1217 3145 1235 3186 a
1249 3128 1337 3188 Peleo

213 3227 387 3283 contemtam
407 3220 493 3278 canit.
533 3221 637 3279 Nullae
658 3222 757 3293 itaque
783 3222 830 3279 hic
848 3220 963 3281 Baccho
989 3229 1097 3295 partes.
1136 3222 1178 3281 Ut
1197 3223 1275 3280 male
1295 3221 1338 3279 di-

213 3316 304 3387 vulsa,
325 3331 457 3387 quaeque
477 3317 651 3374 coniunctim
672 3316 833 3375 acolutho
855 3317 965 3390 scripta
983 3315 1111 3388 fuerant,
1136 3315 1167 3373 in
1186 3315 1338 3388 pristinum

214 3410 343 3482 ordinem
362 3409 549 3481 redigantur,
573 3409 634 3467 bini
661 3408 749 3466 hide
775 3410 891 3468 Baccho
920 3409 1052 3466 versiculi
1077 3407 1115 3465 ad
1134 3406 1340 3480 praecedentia

214 3504 340 3575 migrare
370 3503 489 3575 debent,
521 3501 571 3560 ubi
599 3502 659 3560 sire
689 3508 755 3574 post
784 3518 898 3560 versum
920 3505 955 3561 27
981 3501 1042 3558 sive
1067 3505 1134 3573 post
1158 3516 1272 3558 versum
1292 3507 1338 3558 31.

215 3611 266 3653 seu
291 3612 317 3652 v.
334 3602 370 3654 33
403 3597 581 3655 collocentur
604 3611 707 3668 parum
730 3593 829 3652 refert.
868 3594 985 3652 Interea
1009 3609 1060 3651 cur
1084 3610 1102 3651 a
1126 3594 1227 3651 summi
1251 3591 1340 3653 D’Or-

216 3688 290 3744 villii
316 3689 409 3757 (cuius
435 3704 577 3747 consensu
602 3686 672 3744 mihi
697 3687 839 3758 gratulor)
869 3692 936 3759 post
959 3701 1072 3744 versum
1094 3694 1140 3745 33.
1170 3688 1337 3748 collocantis

220 3783 363 3840 sententia
383 3782 565 3841 discedamus
585 3796 674 3839 causa
693 3779 773 3837 nulla
793 3786 846 3837 est.
882 3779 980 3838 Verba
998 3781 1052 3839 viri
1073 3781 1141 3839 clar.
1162 3786 1244 3839 eunt:
1260 3823 1267 3838 .
1282 3827 1290 3842 .
1305 3822 1338 3837 ..

217 3875 252 3932 hi
271 3874 340 3933 duo
359 3892 484 3934 uersus
505 3874 700 3934 deBaccho
721 3873 898 3932 collocari
918 3874 991 3932 alio
1012 3875 1089 3934 loco
1110 3878 1145 3933 et
1164 3872 1341 3933 commode

217 3973 300 4042 post
324 3984 465 4027 versum
486 3976 523 4028 33
554 3969 714 4027 debent«.
754 3966 861 4025 Melius
887 3967 1012 4040 Iuliane,
1037 3968 1086 4039 qui
1110 3966 1163 4026 hos
1188 3982 1288 4025 versus
1311 3968 1340 4023 in

217 4062 342 4134 pristina
362 4061 431 4120 sede
452 4078 470 4120 a
489 4078 521 4120 se
541 4062 671 4120 relictos:
701 4062 829 4119 »Aureos
849 4078 917 4120 vero
938 4062 1072 4133 utrinque
1092 4061 1219 4133 agitatus
1240 4075 1340 4118 secun·

220 4156 288 4213 dum
307 4155 452 4214 cincinnos
472 4154 615 4213 Racemus
641 4169 739 4213 comae
759 4155 890 4213 intonsae
910 4155 941 4228 (i.
962 4172 987 4213 e.
1008 4172 1089 4215 corna
1108 4156 1233 4223 intonsa)
1256 4158 1341 4210 vento

1106 4248 1139 4298 3*
