3210 4836
516 1227 1022 1350 PRAEFATIO.

718 1463 818 1473 ---

203 1608 372 1740 Colluthi
388 1671 609 1755 Lycopolitani
631 1691 761 1735 carmen
784 1671 907 1753 epicum
932 1673 972 1737 de
991 1679 1088 1757 raptu
1103 1675 1243 1740 Helenae
1259 1697 1327 1742 ver-

206 1785 297 1849 sibus
321 1781 564 1865 elegantissimis
586 1781 628 1845 ad
644 1781 747 1846 Nonni
770 1802 912 1847 normam
929 1784 1064 1849 conditis
1085 1785 1213 1849 ineunte
1232 1788 1269 1850 ut
1283 1786 1327 1850 vi-

203 1894 296 1958 detur
311 1916 343 1977 p.
361 1891 433 1956 Chr.
451 1913 481 1955 11.
498 1891 624 1957 saeculo
640 1897 732 1958 sexto
748 1894 968 1976 compositum,
990 1894 1065 1959 licet
1079 1895 1176 1978 paulo
1192 1895 1326 1960 ieiunius

201 2008 235 2068 et
263 2003 366 2068 multo
394 2003 497 2085 magis
525 2003 677 2089 loquendi
706 2004 848 2070 formulis
877 2026 959 2088 quae
989 2007 1111 2071 auctori
1139 2007 1173 2070 in
1205 2005 1325 2070 deliciis

201 2118 293 2179 erant
316 2113 359 2178 ad
381 2133 532 2178 nauseam
547 2135 649 2200 usque
672 2114 859 2197 saepissime
873 2116 1109 2181 recurrentibus
1124 2137 1221 2200 quam
1238 2116 1326 2180 fideli

201 2223 304 2290 Nonni
321 2224 500 2288 imitatione
510 2224 641 2307 insigne,
657 2228 765 2288 tamen
775 2225 850 2290 inde
865 2227 1133 2291 arenascentium
1143 2227 1322 2291 litterarum

204 2334 403 2416 temporibus
418 2334 590 2400 multorum
611 2335 749 2399 virorum
767 2336 933 2400 doctorum
956 2336 1118 2399 assiduam
1138 2335 1323 2418 felicemque

202 2448 370 2526 expertum
391 2449 441 2508 est
462 2464 602 2526 operam.
644 2442 755 2526 Neque
777 2449 885 2509 tamen
907 2466 958 2510 me
978 2445 1126 2509 laborum
1149 2465 1228 2528 quos
1249 2445 1323 2510 huic

202 2553 335 2618 carmini
356 2553 498 2636 impendi
516 2555 669 2637 poenitet,
692 2575 765 2619 cum
780 2554 869 2619 nulla
891 2555 958 2620 eius
980 2560 1068 2620 extet
1083 2556 1181 2621 editio
1202 2557 1235 2620 in
1258 2577 1322 2638 qua

204 2662 348 2728 codicum
367 2664 565 2729 variantibus
581 2664 767 2729 lectionibus
794 2670 827 2729 11
848 2666 1028 2731 criticorum
1050 2665 1321 2731 observationibus

199 2773 232 2836 in
259 2795 357 2838 unum
386 2775 541 2857 congestis
571 2795 698 2839 carmen
728 2774 813 2839 lectu
834 2795 912 2840 sane
933 2797 995 2841 non
1021 2776 1188 2857 indignum
1209 2776 1236 2840 si
1257 2797 1320 2841 non

199 2882 243 2947 ad
264 2885 433 2966 pristinum
455 2885 590 2948 nitorem
611 2884 794 2964 reductum,
832 2884 946 2978 saltem
972 2886 1020 2948 ita
1042 2885 1236 2966 descriptum
1265 2905 1321 2968 ap·

200 2999 377 3076 paratuque
393 2994 502 3060 critico
517 3000 664 3059 ornatum
680 2995 730 3075 sit,
746 3000 783 3057 111
797 2993 896 3061 multo
911 2994 974 3059 iam
991 2992 1115 3061 facilior
1133 2995 1200 3060 eius
1216 3014 1320 3059 emen·

201 3101 289 3166 datio
312 3102 487 3167 editoribus
508 3109 541 3168 et
563 3104 680 3168 criticis
703 3105 811 3170 futura
833 3105 885 3170 sit.
930 3104 1014 3169 Nam
1041 3110 1077 3170 ut
1100 3125 1204 3188 pauca
1227 3127 1320 3189 quaa·

203 3213 278 3277 dam
301 3211 341 3276 de
363 3212 504 3278 ¹Colluthi
525 3212 659 3278 historia
690 3215 799 3278 critica
826 3216 1045 3297 praemittam,
1074 3220 1149 3298 post
1171 3216 1318 3281 Aldinam

201 3322 372 3388 editionem
388 3342 406 3387 1
421 3323 579 3405 pessimae
598 3329 695 3389 notae
717 3325 824 3390 codice
846 3332 921 3410 post
943 3326 1092 3403 Quintum
1107 3327 1318 3409 Smyrnaeum

123 3428 127 3435 ’
199 3432 268 3497 sine
290 3433 419 3498 adiecta
440 3433 516 3497 anni
536 3439 614 3499 nota
644 3433 848 3517 impressam,
878 3456 960 3519 quae
989 3437 1031 3501 ab
1060 3436 1132 3501 aliis
1161 3436 1255 3502 aliter
1275 3439 1317 3502 ad

199 3564 317 3608 annum
342 3545 434 3623 1504,
461 3545 541 3610 1505
563 3544 661 3608 immo
679 3547 758 3609 1521
783 3545 930 3625 refertur,
954 3547 1075 3629 primus
1099 3545 1266 3613 Rrodaeus
1285 3549 1318 3613 iu

202 3653 488 3720 »annotationibus
501 3655 535 3718 in
550 3653 677 3720 Coluthi
688 3653 831 3720 Thebani
846 3655 887 3721 de
905 3657 1012 3739 Raptu
1024 3656 1164 3723 Helenae
1181 3657 1312 3723 librum·

198 3762 368 3847 (basileae,
391 3787 450 3849 per
468 3767 619 3832 Ioannem
633 3766 827 3850 Hervagium
844 3770 939 3852 1552)
963 3770 1118 3835 nonnulos
1140 3770 1227 3835 locos
1249 3769 1317 3835 leli·

198 3874 279 3939 citer
300 3876 445 3956 correxit,
468 3877 547 3942 alios
569 3882 689 3943 temere
716 3878 871 3959 mutavit,
901 3898 1015 3961 parum
1044 3878 1077 3943 in
1104 3879 1165 3944 hoc
1190 3881 1316 3962 negotio

196 3983 327 4049 adiutus
343 4004 364 4047 a
379 3986 522 4052 versione
536 3987 638 4052 latina
653 3988 778 4054 Eobani
792 3988 887 4054 Hessi
902 3989 1115 4073 (Erphurdiae
1128 3991 1222 4073 1533)
1237 3991 1316 4056 satis

195 4095 306 4177 inepta
336 4096 439 4179 (cuius
466 4101 590 4162 textum
619 4118 768 4182 graecum
791 4099 812 4161 1
837 4099 946 4165 littera
972 4101 1110 4183 notavi),
1143 4104 1177 4164 et
1202 4099 1316 4167 lodoci
