3210 4836
641 409 931 471 —69-.

180 592 260 652 ferre
280 610 338 652 non
357 593 453 666 potuit
472 594 528 650 nisi
549 593 643 652 altero
663 593 701 651 ed
721 594 844 652 alterum
863 592 971 666 relato,
997 599 1030 652 ut
1053 600 1168 654 constet
1192 594 1249 654 dici
1268 594 1306 675 γῆ

178 682 349 761 ,βαύύγεώςη
371 684 456 762 γένος
467 683 665 762 ἀρσενογενές,
684 682 851 742 πολύπλανοι
864 685 973 755 πλάναι,
992 682 1111 762 ἄγγελον
1118 679 1185 764 Ἶριν
1198 682 1304 764 ἔπεμπε

185 775 360 852 δυσάγγελον
388 778 491 847 (Noun.
517 777 636 850 Dionys.
658 784 709 849 20,
737 780 819 849 184),
850 771 962 852 ἔκρυφε
988 777 1081 834 πᾶσαν
1111 776 1303 857 ἀβακχεύτών

183 870 271 948 στίχα
286 867 412 948 Βάκχων
426 870 477 941 (id.
493 878 538 942 23,
561 870 638 942 254),
660 871 718 927 ulia
738 870 768 927 id
789 885 879 942 genus
901 871 1037 942 plurima:
1059 868 1094 928 cf.
1108 871 1235 930 Lobeck.
1248 873 1304 932 Pa·

179 965 266 1035 ralip.
286 980 314 1035 p.
336 971 392 1022 366
415 969 444 1021 et
469 970 552 1021 536«.
593 962 651 1021 Sed
676 964 702 1020 si
726 958 811 1018 ἑανοῦ
833 957 1018 1037 βαθύκολπον
1044 961 1149 1020 κόλπον
1173 959 1208 1028 ἐς
1230 962 1304 1042 ήέρα

184 1053 335 1134 ἀνήώρήσε
349 1055 525 1127 iungendum
539 1060 624 1126 esset,
645 1052 820 1130 γυμνώσασα
840 1071 895 1126 quo
915 1053 1074 1113 referretur
1092 1072 1149 1114 non
1167 1057 1304 1131 haberet;

183 1146 232 1205 cfr.
254 1149 340 1205 etiam
360 1165 386 1205 v.
404 1154 457 1206 158
478 1147 587 1225 αιῆύος
607 1145 679 1205 ἅπαν
705 1145 849 1223 γύμνωσε,
875 1165 931 1220 quo
952 1146 1056 1205 κόλπον
1078 1153 1108 1206 et
1127 1146 1302 1225 γυμνώσασα

181 1245 281 1299 nostro
311 1240 374 1299 loco
403 1240 577 1312 iungendum
603 1257 667 1299 esse
691 1240 838 1314 probatur.
884 1239 956 1298 Cum
980 1241 1048 1298 olim
1073 1248 1212 1301 commate
1236 1250 1303 1316 post

176 1329 253 1410 ’ἠέρα
273 1339 303 1391 et
322 1330 426 1390 κόλπον
447 1333 544 1393 deleto
571 1350 605 1392 uc
630 1340 697 1407 post
722 1332 895 1409 γυμνώσασα
921 1320 1017 1407 posito
1043 1334 1217 1408 interpretes
1239 1352 1302 1393 ver·

179 1426 276 1482 terint
297 1426 381 1498 »Ipsa
401 1442 468 1484 vero
483 1427 599 1499 peplum
619 1427 764 1484 sinuosum
784 1427 813 1483 in
833 1442 901 1485 aere
921 1426 1078 1499 denudans,
1098 1427 1195 1486 Venus
1209 1428 1302 1485 sinum

177 1517 330 1589 sustulit«,
363 1517 506 1576 Ruhnken
530 1523 560 1576 et
581 1518 701 1591 Lennep
728 1520 821 1576 secuti
843 1536 862 1577 s
884 1520 1002 1591 reliquis
1030 1518 1186 1579 editoribus
1213 1521 1301 1578 inter·

176 1611 363 1681 punctionem
383 1616 578 1669 correxerunt.
608 1628 717 1686 εοηερα
734 1610 780 1682 Μ;
803 1643 835 1653 -
858 1609 916 1669 luc
937 1608 1087 1688 ἀνήώρήσε
1107 1618 1138 1670 et
1155 1611 1300 1687 ηδεσσατο

176 1735 226 1807 Μ,
250 1732 375 1813 ήδέσατο
397 1737 434 1808 Q,
462 1700 588 1813 ᾐδέσσατο
607 1736 641 1807 S;
663 1767 697 1777 -
720 1733 777 1794 15⁷
794 1754 872 1814 χειρι
892 1735 925 1793 δε
946 1743 976 1796 et
994 1734 1115 1813 ἐρώτων
1128 1738 1175 1810 Μ;
1195 1737 1301 1814 δεσμόν

177 1834 213 1884 ut
226 1829 383 1900 scripserat
393 1829 450 1886 inm
461 1829 571 1888 Ubelus
585 1829 806 1899 conieceratque
816 1828 974 1902 Perdrier,
988 1845 1023 1888 ex
1033 1830 1066 1888 M
1076 1847 1172 1904 recep.
1183 1830 1300 1889 Bekker

176 1925 211 1977 et
232 1927 297 1993 post
319 1937 384 1978 eum
404 1920 531 1980 editores
556 1925 674 1994 praeter
693 1920 809 1990 Lehrs.;
835 1919 1011 1980 deteriorum
1036 1923 1165 1981 codicum
1186 1930 1216 1981 et
1234 1924 1300 1982 reli-

176 2028 300 2083 quarum
321 2016 479 2073 editionum
501 2016 653 2073 lectionem
678 2012 785 2088 θεσμόν
805 2015 863 2084 (cni
883 2011 967 2089 νόμον
987 2016 1085 2087 glossa
1103 2016 1300 2089 suprascripte

177 2107 269 2164 estin
284 2108 318 2179 G)
340 2109 415 2166 tueri
434 2108 543 2166 frustra
563 2113 681 2167 conatus
702 2112 747 2165 est
760 2106 878 2179 Leunep
892 2109 922 2165 in
935 2107 1246 2167 Animadversionibus.
1261 2141 1300 2152 —-

177 2197 239 2257 168
259 2218 390 2275 γυμνωσε
409 2201 456 2273 Μ;
477 2197 619 2276 ἐμνήσατο
640 2199 722 2258 codd.
743 2215 840 2257 omnes
861 2202 991 2271 (praeter
1010 2199 1045 2272 G,
1065 2202 1115 2272 qui
1135 2198 1301 2278 ἀμνήσατα)

178 2297 211 2350 et
233 2291 297 2352 edd.
318 2298 437 2365 praeter
455 2293 536 2352 Porti
558 2297 587 2349 et
605 2292 718 2358 Iuliani,
739 2293 788 2362 qni
808 2286 966 2369 ἀμνήσατο.
1005 2291 1046 2349 Et
1065 2287 1225 2371 ἀμνήσατο,
1244 2308 1302 2371 pro

180 2400 239 2456 quo
260 2385 351 2442 Iulien
372 2386 401 2442 in
421 2386 497 2444 notis
518 2393 617 2457 p.100
637 2385 733 2456 potius
753 2380 897 2460 ἠρνήσατο
922 2382 1103 2440 scribendum
1129 2400 1193 2442 esse
1217 2383 1297 2457 vicit,

179 2476 318 2535 vertendo
342 2481 545 2549 expresserunt
557 2475 687 2548 plerique
700 2474 883 2546 interpretes.
913 2474 1012 2532 Etiam
1023 2474 1157 2547 Lennep:
1180 2492 1297 2536 »sensus

181 2569 242 2627 tole
265 2569 334 2640 quid
356 2553 518 2640 efflagitare
538 2567 630 2626 videri
649 2573 749 2640 posset
772 2566 990 2637 quodammodo.
1029 2567 1075 2625 De
1099 2570 1176 2627 vocis
1201 2576 1298 2629 temen

179 2660 307 2720 bonitate
327 2662 514 2719 vehementer
532 2659 681 2718 addubito.
723 2659 820 2731 Quare
844 2660 994 2718 meliorem
1011 2660 1087 2718 viem
1111 2661 1298 2722 instituerunt

178 2753 341 2822 Brodaeus‚
373 2754 417 2811 vir
440 2752 540 2812 doctus
566 2752 604 2809 ed
629 2752 696 2809 Ald.
721 2752 775 2810 Ed.
803 2757 833 2810 et
856 2753 994 2811 Neender
1019 2753 1060 2823 [in
1085 2756 1225 2828 margine]
1250 2759 1297 2815 vel

177 2841 347 2923 ἀμελήσατο
374 2847 418 2904 vel
443 2841 601 2924 ἐπελήθετο
627 2851 809 2918 reponentes.
851 2845 934 2915 Quod
954 2847 979 2902 si
999 2852 1126 2903 veterem
1146 2853 1296 2907 consuetu·

177 2939 273 2996 dinem
299 2945 412 3012 spectes
438 2938 602 3010 mulierum,
627 2943 660 2995 ut
684 2954 718 2995 eo
744 2937 829 2995 citius
855 2937 977 2996 aliorum
1001 2938 1110 2997 unimos
1135 2936 1295 3014 flecterent,

178 3033 257 3090 sinus
277 3036 308 3090 et
326 3032 505 3105 potissimum
526 3031 693 3089 mummulus
713 3046 780 3088 sues
796 3030 1011 3104 denudentium,
1032 3047 1148 3091 sensum
1163 3032 1296 3105 equidem

178 3125 295 3196 vulgato
320 3124 406 3196 longe
431 3124 579 3181 meliorem
603 3123 711 3182 habere
737 3123 882 3183 existimo:
908 3125 934 3182 si
952 3141 1021 3183 uero
1042 3124 1157 3184 Ooluthi
1180 3128 1296 3198 genium

154 3278 160 3285 ,
178 3223 209 3276 et
228 3216 374 3275 scribendi
394 3232 502 3274 morem
522 3217 667 3289 consulas,
688 3232 795 3275 causae
814 3232 870 3276 non
890 3218 1011 3274 multum
1031 3218 1100 3290 erit,
1127 3234 1181 3276 cur
1198 3235 1216 3276 a
1235 3222 1295 3278 vul-

177 3316 247 3383 gatu
271 3306 414 3387 ἐμνήσατο
440 3308 581 3367 discedas.
622 3308 745 3367 Videtur
769 3325 840 3368 sune
868 3310 973 3368 aetatis
996 3326 1091 3369 mores
1116 3312 1294 3383 potissimum

177 3408 334 3477 spectasse,
356 3419 413 3474 qua
433 3402 570 3461 dedecori
589 3404 722 3473 maximo,
743 3407 775 3460 nt
793 3402 949 3462 hodiedum
971 3404 1067 3475 etism,
1088 3402 1249 3477 duceretur,
1269 3407 1296 3463 si

177 3513 233 3568 qus
253 3497 346 3553 sinum
367 3503 397 3554 et
417 3511 555 3553 mammas
576 3494 748 3563 denudaret,
777 3501 809 3553 ut
832 3496 888 3555 hoc
912 3495 1000 3555 modo
1022 3495 1143 3554 eliorum
1168 3494 1295 3555 levorem

176 3588 233 3647 sibi
259 3590 435 3648 conciliaret.
476 3589 576 3647 Talem
601 3587 690 3646 fuisse
715 3589 841 3648 auctoris
865 3594 1004 3661 mentem,
1027 3587 1112 3648 modo
1137 3589 1296 3663 inspexerit

176 3697 289 3740 versum
312 3689 366 3740 152
381 3689 417 3747 ,et
438 3690 506 3742 153:

361 3797 398 3857 ‘H
414 3797 441 3858 ὃ)
466 3796 551 3858 ἑανὸν
568 3798 753 3875 βαθύκολπον
773 3796 806 3864 ἐς
824 3797 906 3877 ήέρα,
927 3797 1100 3875 γυμνώσασα

367 3890 482 3964 κόλπον,
503 3887 654 3971 ἀνῃώρησε
674 3890 722 3948 καλ
742 3887 795 3948 οὐκ
814 3887 966 3968 ᾐδέσσατο
983 3888 1098 3967 Κύπρις,

176 4019 225 4090 qui
244 4024 333 4090 neget
352 4020 447 4077 nullus
467 4021 551 4079 erit«.
590 4019 745 4091 vulgatum
765 4020 860 4079 Nonni
880 4018 1015 4091 exemplo
1030 4018 1122 4076 tuitus
1143 4025 1188 4078 est
1208 4019 1295 4078 etium

176 4109 304 4184 Bekker,
325 4112 431 4171 collato
450 4111 535 4171 Dion.
550 4112 620 4170 XXI
642 4119 695 4172 109
716 4110 764 4167 καλ
784 4107 840 4169 οὐκ·
857 4106 1000 4189 ἐμνήσατο
1014 4110 1122 4187 patos,
1149 4120 1179 4172 et
1197 4112 1297 4172 XXIII
