3208 4848
714 379 945 442 -102-

192 626 195 630 ,
272 579 300 625 v.
321 572 379 626 nee
405 565 490 623 nimis
516 561 640 640 abrupte
663 564 796 636 additur,
819 580 910 636 quum
933 560 1026 638 αὐτὰρ
1051 559 1112 638 ἐγώ
1136 579 1193 622 non
1217 563 1401 622 habeatem

273 663 436 734 oppositum
457 660 506 732 sit,
526 660 581 717 nisi
600 660 793 732 praecesserit
810 656 1016 717 Laomedontis
1037 656 1153 726 mentio,
1174 657 1221 714 cui
1242 656 1401 714 servierint

273 756 425 827 Neptunus
446 758 476 811 et
487 753 602 825 Apollo.
622 752 791 824 quibuscum
806 757 839 809 ut
852 749 1057 810 Laomedontis
1078 750 1280 808 commercium
1298 748 1400 817 inerit,

272 848 316 905 ita
335 845 391 904 sibi
410 861 474 903 cum
492 844 586 902 tribus
605 845 662 902 illis
677 843 786 903 deabus
800 842 889 901 fuisse
903 843 988 900 Paris
1009 841 1089 900 dicit.
1119 843 1219 913 itaque
1238 859 1296 902 non
1316 840 1396 901 dixe·

267 940 328 997 rim
352 954 415 995 cum
431 937 604 1006 Hermanno
634 954 691 996 non
716 937 878 995 desiderari
902 937 958 993 nisi
983 950 1070 992 unum
1096 948 1224 1006 versum,
1259 936 1289 992 in
1314 937 1403 993 ouius

273 1031 355 1089 initio
375 1029 464 1088 fuerit
484 1029 585 1107 recissa
602 1028 810 1105 μαρμαίροντα.
840 1029 896 1086 hoc
916 1028 991 1086 enim
1009 1028 1039 1084 in
1052 1027 1213 1086 Mutinensi
1232 1028 1340 1098 legitur
1360 1044 1402 1086 eo

273 1125 335 1183 loco
357 1139 413 1195 quo
432 1124 537 1194 reliqui
558 1123 671 1182 codices
688 1122 797 1180 habent
817 1122 917 1199 τείχεα
933 1118 973 1196 μη
992 1118 1137 1178 πίπτοντα.
1169 1119 1302 1192 equidem
1323 1121 1401 1178 illud*

273 1233 291 1276 a
310 1216 396 1275 docto
418 1217 475 1288 [il]
495 1217 592 1288 potius
613 1216 674 1274 viro
686 1216 738 1286 qui
753 1211 880 1273 codicem
893 1213 1219 1286 Mutinensemscripsit
1233 1212 1396 1286 profectum

272 1310 436 1385 putaverim
457 1309 512 1380 cui,
532 1325 619 1380 quum
639 1309 668 1364 in
687 1307 870 1380 expedienda
890 1306 1012 1364 evanida
1030 1307 1180 1380 prototypi
1194 1308 1238 1364 sui
1252 1309 1405 1379 scriptura

273 1409 352 1461 esset
379 1408 549 1474 occupatus,
573 1402 776 1474 intempestive
800 1401 938 1459 memoria
961 1400 1141 1471 suggerebat
1165 1399 1321 1459 Homerica
1346 1401 1405 1459 illa.

255 1544 257 1547 .
273 1491 409 1572 τεύχεα
425 1494 632 1571 μαρμαίροντα
660 1494 715 1552 sed
735 1495 789 1552 hoc
809 1509 922 1565 quoque
941 1509 998 1551 non
1017 1494 1207 1551 concesserim
1221 1493 1405 1566 Hermanno?

273 1593 353 1647 recte
367 1588 476 1646 habere
490 1583 530 1644 ὧν
544 1584 626 1662 δμὲν
642 1619 675 1628 -
691 1583 845 1663 drupparum
862 1618 895 1626 -
911 1583 1079 1642 Ποσειδάων
1093 1585 1141 1642 καὶ
1160 1585 1303 1643 Ἀπόλλων.
1330 1603 1397 1645 nam

275 1682 330 1739 etsi
349 1681 420 1738 nihil
440 1680 604 1739 offensionis
622 1679 713 1737 habet
726 1675 881 1756 δωμήσατο
896 1676 1063 1735 Ποσειδάων
1078 1678 1126 1735 καὶ
1140 1678 1274 1736 Ἀπόλλων
1288 1714 1325 1724 -
1341 1698 1401 1753 quo

267 1775 403 1847 syntaxis
424 1788 530 1844 genere
551 1773 580 1828 in
600 1771 702 1830 eadem
722 1789 754 1830 re
774 1788 843 1829 usus
864 1776 910 1829 est
922 1771 1067 1829 Hesiodus
1083 1769 1156 1842 frag.
1180 1779 1233 1830 136
1248 1773 1404 1832 Marksch„

200 1868 204 1873 ’
275 1871 321 1939 (=
341 1874 377 1925 51
400 1865 520 1935 Goettl.)
542 1861 592 1920 ὅτε
612 1867 711 1942 τεῖχος
730 1862 880 1940 ἐϋδμήτοιο
899 1862 1005 1942 πόληος
1024 1862 1129 1942 ὑψηλὸν
1149 1865 1274 1942 ποίησε
1296 1863 1397 1923 Ποσει-

274 1957 353 2017 δάων
373 1956 422 2014 καὶ
438 1953 576 2014 Ἀπόλλων
597 1973 723 2028 ususque
744 1963 789 2015 est
809 1957 952 2015 Homerus
971 1957 1005 2014 Il.
1028 1965 1073 2028 16,
1096 1964 1153 2016 844
1176 1957 1223 2014 ool
1244 1956 1300 2033 γὰρ
1325 1954 1405 2015 ἔδω--

274 2071 325 2110 κεν
344 2050 420 2129 νίκην
439 2049 514 2115 Ζεὺς
535 2048 673 2127 Κρονίδης
693 2048 742 2106 καὶ
756 2045 910 2121 Ἀπόλλων,
937 2057 1034 2108 tamen
1054 2050 1184 2109 additum
1206 2057 1361 2123 praeterea
1381 2050 1405 2107 δ

271 2144 325 2220 μὲν
345 2145 419 2204 adeo
440 2160 585 2203 enormem
604 2144 679 2201 nunc
697 2142 795 2201 reddit
818 2148 1007 2216 structuram,
1033 2150 1065 2201 ut
1085 2161 1141 2203 non
1161 2145 1255 2217 possit
1274 2161 1332 2203 non
1352 2162 1405 2202 su*

275 2239 364 2298 boriri
381 2239 565 2310 corruptelae
585 2238 719 2310 suspicio.
760 2237 933 2294 correxerim
954 2233 994 2294 ὧν
1016 2235 1186 2312 τὰμὲν-
1208 2236 1326 2313 τείχεα,
1342 2239 1404 2295 nisi

273 2330 350 2391 forte
370 2337 501 2405 praestet
515 2329 623 2390 Graeiii
639 2332 789 2389 inuentum
809 2329 856 2387 οἶα
872 2328 926 2406 μέν
946 2332 1141 2391 renidentis«
1176 2332 1347 2404 Bernhardy
1367 2332 1397 2388 iu

187 2460 189 2464 =
275 2425 452 2483 Graecarum
471 2426 635 2482 litterarum
654 2424 778 2485 historia
804 2424 862 2494 (ed.
884 2433 901 2482 3
921 2425 949 2484 ΙΙ
969 2442 997 2497 p.
1012 2429 1081 2494 403)
1108 2425 1223 2484 doctum
1244 2426 1403 2497 quemdam

273 2518 423 2576 librarium
443 2517 531 2576 verba
545 2515 714 2575 Ποσειδάων
735 2515 784 2573 καὶ
800 2510 936 2574 Ἁπόλλων
958 2534 995 2575 ex
1014 2535 1040 2576 v.
1056 2524 1109 2577 281
1132 2524 1162 2575 et
1176 2520 1231 2577 307
1248 2519 1315 2576 huic
1335 2520 1401 2577 loco

273 2610 395 2669 lacunae
416 2608 594 2668 oblucandae
617 2625 709 2668 causa
734 2609 882 2668 infensisse
908 2611 1029 2683 putavit.
1056 2643 1105 2679 —4
1119 2609 1179 2669 291
1197 2609 1333 2685 βασιλεια
1352 2612 1405 2683 Μ;

274 2701 449 2767 δικάαπολος
469 2718 504 2761 ex
523 2701 697 2766 δικασπόλος
718 2701 754 2773 0;
781 2735 813 2742 -—
842 2700 907 2760 292
928 2700 1135 2781 ακηχεμένησιν
1155 2704 1202 2776 Μ,
1223 2701 1401 2783 ἀμηχεμένη-

275 2815 318 2855 σιν
331 2796 358 2856 R
372 2802 402 2854 et
415 2795 480 2855 fort.
495 2796 531 2854 N.
561 2795 688 2867 Vulgata
709 2797 854 2868 scriptura
869 2795 993 2854 offensus
1008 2795 1081 2854 haec
1095 2797 1261 2869 Schneider,
1283 2816 1311 2871 p.
1327 2805 1400 2857 444:

277 2889 433 2962 »pervelim
455 2888 529 2946 scire
550 2905 600 2946 eur
617 2893 746 2946 maestas
766 2896 855 2961 poeta
875 2889 953 2947 dicat
972 2889 1061 2947 fuisse
1082 2889 1167 2962 deae,
1192 2907 1249 2962 quo
1268 2895 1405 2964 tempore

275 2981 358 3040 Paris
384 2980 421 3038 de
446 2981 661 3053 pulchritudine
679 2998 785 3040 >earum
811 2982 967 3039 iudicabat.
1007 2981 1151 3040 Venerem
1176 2988 1255 3040 certe
1275 2983 1402 3054 legimus·

275 3093 302 3133 v.
319 3083 374 3134 158
391 3072 540 3150 periculose
558 3091 612 3133 nec
623 3081 782 3147 potuerunt
795 3077 925 3147 reliquae
940 3074 1065 3133 nondum
1079 3076 1239 3134 diiudicata
1252 3093 1285 3134 re
1299 3076 1400 3133 tristes

276 3183 349 3227 esse.
390 3169 434 3225 sin
455 3174 551 3226 autern
571 3170 735 3240 putareris,
760 3168 837 3239 qnod
862 3167 979 3225 fuerunt
999 3169 1047 3239 qui
1067 3176 1213 3241 putarent,
1236 3168 1399 3243 Oolluthum

275 3259 474 3338 προληπτικῶς
494 3260 564 3319 deas
585 3261 693 3319 dixisse
712 3262 858 3320 maestitia
878 3260 1006 3333 affectae,
1028 3277 1099 3332 quas
1119 3278 1223 3320 revera
1237 3268 1304 3335 post
1318 3262 1400 3320 Pari-

276 3354 321 3413 dis
348 3355 461 3413 demum
487 3355 622 3413 iudicium
644 3355 742 3412 tristes
768 3371 832 3412 esse
859 3370 914 3427 par
939 3353 1007 3422 fuit,
1033 3371 1070 3412 ne
1095 3355 1149 3414 hoc
1175 3355 1291 3426 quidem
1316 3359 1400 3427 patet

276 3453 374 3520 aptum
395 3463 468 3519 esse,
489 3463 575 3517 quum
590 3440 787 3503 Venussscerte
807 3462 863 3504 non
882 3445 1005 3504 haberet
1026 3463 1076 3504 cur
1096 3451 1249 3517 maereret,
1271 3453 1304 3505 ut
1324 3464 1400 3519 qnae

275 3541 305 3597 in
331 3541 488 3598 certamine
513 3539 617 3597 victrix
643 3545 728 3597 esset.
766 3539 864 3611 itaque
889 3546 1006 3612 poetam
1029 3557 1086 3599 non
1111 3539 1305 3620 ἀκηχεμένησι
1330 3544 1400 3600 scri·

275 3633 368 3706 psisse
389 3637 469 3705 puto,
490 3632 542 3689 sed
557 3629 776 3709 ἀμηχανέουσα,
797 3633 843 3688 cui
863 3633 1047 3691 coniecturae
1067 3633 1177 3704 aliquid
1197 3635 1311 3693 accedit
1329 3652 1400 3708 pon·

276 3725 353 3783 deris
374 3725 430 3799 [ll]
453 3740 488 3781 ex
506 3724 614 3782 codicis
626 3725 806 3783 Reimariani
820 3727 964 3799 scriptura
985 3728 1083 3796 [immo
1104 3729 1215 3798 errore]
1236 3744 1313 3800 quae
1332 3729 1399 3786 talis

276 3823 335 3876 est:
358 3816 559 3895 ἀμηχεμένησι.
594 3819 632 3877 de
647 3821 806 3892 participio
827 3838 883 3879 non
903 3827 980 3880 moto
1001 3819 1037 3878 cf.
1057 3821 1150 3879 Noun.
1173 3820 1256 3879 Dion.
1279 3829 1327 3889 30,
1342 3828 1398 3880 282

275 3906 343 3968 ἰδών
364 3915 394 3968 et
413 3910 540 3970 Lobeck.
574 3913 671 3970 Persi.
684 3920 824 3986 ,putot
862 3908 1056 3991 ἀκηχεμένησι
1075 3919 1156 3971 recte
1177 3914 1334 3986 explicarit
1352 3915 1398 3972 Iu·

276 4003 334 4060 lien
353 4020 382 4075 p.
405 4003 472 4074 137,
500 4003 548 4062 ubi
574 4004 644 4063 deas
658 4012 732 4063 :ente
749 4005 895 4062 iudicium
916 4005 1109 4064 solnoitudine
1128 4007 1273 4064 cruciatae
1294 4022 1329 4066 eo
1349 4024 1398 4066 uo·

275 4094 378 4155 cabulo
394 4094 561 4168 designatas
582 4114 646 4156 esse
658 4099 875 4158 uliosssecutus
896 4098 1003 4157 docuit.
1035 4100 1177 4159 Tournier
1197 4104 1293 4158 autem
1314 4117 1342 4173 p.
1362 4107 1399 4159 33
