3208 4848
645 389 879 453 -103-

203 587 329 643 maestas
350 597 414 640 esso
434 585 518 653 putat
539 578 625 646 deas,
650 577 727 649 qnod
746 577 896 635 mortalem
908 591 969 649 *pro
990 572 1086 632 iudice
1105 557 1277 633 habuerint?
1289 605 1330 616 -

202 673 248 735 ἐπ’
273 673 418 754 ούρανίῃσι
432 673 464 731 Μ
478 678 509 731 et
526 672 591 737 edd.
607 677 674 730 ante
687 670 875 742 Lennepium,
895 665 940 725 ἐπ’
964 663 1108 744 οὐρανίῃσι
1123 667 1224 740 GLN,
1244 662 1329 723 ἐπου-

204 769 327 848 ρανίῃσι,
347 768 424 841 quod
444 767 546 824 maluiI
564 765 690 835 Ubelus,
711 761 781 835 GP,
801 759 996 840 ἐπουρανίῃσιν
1018 761 1052 833 S,
1076 757 1275 837 ἐπουρανίοισι,
1295 764 1332 817 ut

204 880 241 923 ex
266 863 338 922 conl.
359 860 452 920 edidit
471 859 600 931 Lennep,
627 859 666 930 Q,
691 854 872 936 ἐπουρανίῃσι
898 856 963 914 edd.
990 854 1058 913 inde
1083 852 1266 912 aBekkero.
1291 883 1328 894 -

205 955 268 1016 293
289 953 426 1032 κυπριδος
446 952 561 1031 ἀγλαῑῃν
588 950 636 1009 καὶ
656 947 799 1029 ἐπῃρατον
818 951 865 1022 Μ;
886 982 920 991 -
944 947 1008 1008 294
1027 945 1079 1025 ἡδὲ
1103 948 1149 1018 Μ,
1176 945 1247 1024 ἡδὲ
1266 947 1330 1009 rell.

204 1051 288 1112 codd.
311 1057 341 1110 et
361 1049 436 1120 edd,
457 1044 474 1126 ἢ
493 1045 527 1106 δὲ
542 1064 611 1120 egen
633 1079 665 1121 ᾖ·
689 1044 828 1113 ἀνταξίων
848 1041 941 1120 ε’ργων
961 1043 1007 1113 Μ;
1029 1075 1063 1083 -—·
1087 1039 1149 1100 295
1172 1037 1263 1118 νύμφῃ
1277 1041 1329 1113 W3

207 1143 389 1258 ιρερόεσσαν
399 1144 447 1216 Μ,
468 1143 540 1217 ίμερ.
562 1141 629 1214 OL,
650 1138 730 1218 ἡμερ
750 1138 888 1210 ANQR3
909 1133 1064 1194 κατένευσε
1085 1134 1121 1208 0;
1143 1131 1269 1194 ὀπασσαι
1287 1134 1331 1206 Μ,

206 1236 312 1296 οπασαι
325 1235 389 1311 L
375 1237 507 1302 υπάσσας
517 1236 568 1297 Ao
583 1237 642 1308 (hio
655 1237 769 1307 quidem
784 1250 848 1295 cum
862 1234 900 1308 gl.
914 1229 1142 1312 παραχωρήσας)
1131 1228 1330 1340 )NPQRSW.

206 1329 341 1391 ὀτάσσειν
368 1333 440 1391 coni.
467 1333 656 1405 Tonrnierp
678 1339 713 1391 36
740 1331 806 1390 ftor
827 1318 1331 1400 υου1α-9969λένῃνο,ἐννέ-

206 1428 397 1497 πουσι8;
424 1421 531 1485 297”
512 1445 610 1485 ενεκεν
629 1426 705 1497 ΜΟ,
732 1421 821 1482 ἕνεκα
841 1424 892 1494 W-;
916 1420 1041 1498 τετλῃκα
1060 1420 1107 1490 Μ;
1132 1415 1222 1474 πολλὰ
1241 1415 1331 1473 tacite

208 1523 325 1594 scripsit
350 1521 503 1578 Hermann>
522 1538 551 1593 p.
573 1528 624 1592 20,
654 1519 705 1577 sed
731 1517 782 1575 cfr.
811 1514 952 1593 τῃλικον
978 1511 1062 1589 οἶδμα
1086 1509 1213 1589 περήσας
1237 1511 1331 1568 Noun.

116 1649 120 1656 ·
206 1615 293 1674 Dion.
315 1620 361 1686 42,
385 1621 447 1672 102.
488 1612 618 1689 πειρῆσαι
637 1612 684 1682 Μ;
712 1612 792 1670 »Non
812 1626 931 1683 prorsus
951 1608 1089 1666 abhorret
1109 1605 1145 1664 ab
1165 1622 1221 1662 usu
1241 1602 1333 1662 Grac-

208 1724 306 1767 corum
327 1706 390 1778 καί,
412 1706 488 1777 quod
509 1706 545 1762 ad
565 1712 657 1763 totam
675 1704 852 1762 sententiam
873 1701 1010 1775 pertinet,
1031 1700 1203 1759 collocatum
1224 1702 1256 1755 111
1275 1695 1344 1753 hic,

209 1801 268 1861 Sed
289 1808 385 1859 tamen
405 1799 566 1871 elegantius
591 1797 626 1853 δι’
646 1794 768 1873 οἴδματα
788 1797 961 1869 scripsisset.
1003 1795 1095 1866 Quom
1120 1797 1217 1851 aulem
1237 1789 1333 1849 Nonni

209 1900 290 1952 secta
309 1898 387 1951 amet
405 1893 496 1966 partit
484 1894 577 1950 tiones
595 1908 656 1964 per
676 1891 733 1949 duo
755 1889 802 1944 καλ
825 1888 930 1960 factas,
958 1886 1035 1945 haud
1062 1887 1121 1944 scio
1150 1901 1187 1942 an
1211 1884 1334 1957 perierit
1383 1888 1391 1902 ·

209 2004 308 2045 versus
329 1986 430 2044 eadem
451 1986 585 2044 vocula
576 1986 732 2059 incipiens,
757 1984 812 2041 hac
837 1982 994 2040 sententia:
1022 1986 1056 2037 et
1081 1985 1150 2037 tam
1175 1983 1333 2036 remotas

209 2096 376 2151 regiones
397 2079 529 2137 adires
570 2079 794 2150 Hermannp
817 2084 923 2148 203-
947 2072 1010 2133 298
1031 2091 1128 2149 γαρων
1148 2072 1220 2143 AQ
1247 2068 1333 2144 κεραί-

210 2202 564 2282 σορεν11;ε’πικυ9ερεια
583 2206 685 2276 Μ;-
709 2202 772 2263 299
795 2201 863 2259 κατ’
884 2198 1047 2280 αἰσχύνειας
1067 2199 1168 2270 ΑΟΝ;
1194 2195 1264 2275 ἐμῃν
1286 2195 1334 2255 κύ·

209 2319 284 2376 πριν,
305 2300 410 2357 omisso
436 2297 484 2353 καὶ
506 2298 552 2368 Μ;
580 2294 703 2373 ἐλέγξας
716 2297 767 2367 Μ,
789 2294 909 2374 ἐλέγξῃς
928 2296 992 2352 rell.
1013 2295 1097 2354 codd.
1123 2301 1154 2353 et
1178 2295 1243 2352 edd
1265 2302 1333 2354 ante

210 2391 311 2450 Lehrs.
344 2391 499 2450 »Fortasse
519 2391 582 2450 cod.
596 2391 670 2448 Mut.
690 2391 766 2448 idem
788 2393 856 2462 vult,
878 2407 912 2449 ac
926 2392 1026 2463 vulgat
1027 2407 1044 2448 a
1057 2391 1154 2459 lectio,
1177 2398 1208 2449 et
1226 2390 1333 2448 excidit
1439 2424 1445 2435 ι

211 2483 259 2541 καλ
285 2491 352 2542 ante
373 2481 492 2559 Κύπριν,
518 2486 569 2543 sed
595 2485 680 2542 simili
705 2485 789 2544 modo
815 2484 949 2542 excidere
975 2485 1061 2541 etiam
1087 2485 1182 2557 potuit
1203 2481 1243 2562 μὴ
1266 2489 1334 2556 post
1402 2490 1406 2497 ’

210 2574 288 2656 ἐμήν,
309 2584 341 2635 ut
361 2584 438 2635 esset
460 2574 530 2654 ἐμὴν
551 2574 591 2655 μὴ
612 2574 716 2653 Κύπριν
741 2573 887 2653 ἐλέγξαις,
913 2595 987 2650 quae
1013 2580 1135 2652 optativi
1160 2578 1252 2637 forma
1276 2594 1334 2636 non

211 2670 373 2730 damnanda
392 2675 445 2728 est.
475 2671 583 2729 Verum
604 2688 667 2729 cum
689 2670 758 2730 Ood.
779 2671 886 2731 habeat
906 2668 977 2750 ἐμῃν
1000 2670 1103 2749 Κυπριν
1124 2667 1255 2747 ἐλεγξας,
1276 2669 1333 2731 for-

211 2769 290 2823 tasse
304 2764 377 2822 adeo
392 2764 588 2823 scribendum:
599 2763 640 2842 μή
648 2783 687 2839 με
699 2764 931 2845 καταισχύνειας,
946 2762 1015 2841 ἐμὴν
1028 2759 1046 2840 ἢ
1062 2763 1168 2841 Κύπριν
1182 2760 1331 2839 ἐλέγξαιςι

212 2856 382 2916 Graefius
402 2865 510 2930 11155.
542 2858 634 2916 Lehrs
654 2859 771 2917 iubente
786 2860 950 2918 Hermanno
964 2878 992 2933 p.
1010 2867 1045 2918 20
1066 2856 1154 2933 ε’ίρε
1176 2853 1333 2933 καταισχύ·

213 2970 303 3021 νειας,
332 2947 403 3028 ἐμὴν
429 2948 477 3006 καλ
504 2946 608 3027 Κύπριν
634 2948 799 3027 ἐλέγξεις
826 2953 925 3010 edidit.
971 2953 1016 3010 Ex
1041 2952 1073 3009 M
1097 2951 1165 3009 libri
1190 2950 1335 3022 scriptura

212 3044 359 3118 profectus
382 3043 423 3123 μή
445 3063 483 3121 με
504 3040 740 3122 καταισχύνειας,
765 3041 835 3122 ἐμὴν
861 3043 909 3103 καὶ
931 3043 1036 3122 Κύπριν
1061 3041 1193 3122 ἐλέγξαις
1212 3043 1335 3102 coniecii

216 3137 374 3196 Schneider
387 3156 415 3211 p.
427 3145 492 3211 434,
506 3139 599 3196 simile
614 3137 662 3194 καὶ
675 3139 837 3212 particulae
852 3138 1033 3212 hyperbaton
1047 3141 1169 3199 afferens
1185 3155 1220 3200 er
1232 3139 1335 3197 Nonno

214 3232 298 3292 Dion.
318 3235 362 3303 17,
378 3235 432 3291 157
453 3230 569 3311 τεύχων
584 3233 681 3307 κῶμον
693 3227 779 3310 Ἄρηι,
800 3231 927 3291 θαλύσια
947 3232 995 3289 καλ
1008 3232 1138 3310 Διονύσῳ
1152 3238 1182 3291 et
1195 3231 1335 3303 Paraphr.

214 3323 287 3394 821
309 3323 367 3403 ζωὴ
392 3321 454 3400 ἐγὼ
475 3324 585 3400 βιότοιο
612 3325 660 3382 καλ
685 3324 821 3401 ἀτραπός.
863 3328 991 3386 Priorem
1013 3326 1122 3386 Graefii
1142 3327 1336 3385 coniecturam

211 3420 353 3494 praetulit
375 3419 487 3477 Tiedke
513 3421 542 3476 in
567 3419 676 3477 Herma
700 3420 772 3477 XIII
791 3437 818 3492 p.
841 3423 896 3479 35⁷
926 3438 1007 3478 »nam
1033 3422 1125 3490 magle
1153 3419 1335 3478 Nonniannm

213 3513 285 3570 illud
302 3510 342 3588 μὴ
362 3511 460 3570 reddit
480 3513 647 3571 orationem.
679 3511 727 3582 (cf.
741 3512 826 3571 Dion.
841 3513 866 3571 V
880 3520 936 3571 443
955 3508 1045 3586 ἐμοὺς
1055 3509 1095 3589 μὴ
1110 3515 1203 3569 κτεῖνε
1216 3511 1335 3587 φονῆας,

212 3606 255 3663 XI
275 3607 329 3665 321
355 3602 422 3682 ἐμοὶ
442 3603 483 3683 μὴ
509 3604 621 3682 ιλάκρυα
648 3604 758 3685 λειζᾶῃς,
783 3606 837 3664 XV
864 3613 919 3665 328
945 3606 1014 3682 τεῆς
1035 3603 1075 3683 μὴ
1101 3604 1201 3682 φείδεο
1226 3603 1335 3680 νευρῆς,

212 3698 289 3770 XVI,
312 3706 365 3757 165
387 3694 460 3777 ἐμῆς
477 3696 517 3776 μὴ
537 3698 613 3776 dade
633 3697 789 3775 φαρέτρης,
809 3699 907 3758 XVIII
929 3705 963 3757 19
984 3695 1054 3774 ἐμὸν
1071 3697 1111 3777 μὴ
1132 3698 1215 3775 δῶρα
1234 3695 1337 3774 παρέλ-

213 3788 276 3869 θῃς,
297 3791 408 3849 XXXV
423 3799 457 3850 51
479 3787 552 3869 ἐμοῦ
563 3789 603 3870 μὴ
618 3791 692 3869 φαύε
710 3792 843 3869 χιτῶνος,
865 3793 931 3850 Par.
948 3788 976 3848 Υ
987 3794 1023 3851 14
1042 3787 1122 3867 ἐμῶν
1139 3789 1178 3869 μὴ
1198 3790 1274 3867 dada
1292 3811 1337 3869 χι-

129 3906 135 3915 ·
213 3883 335 3954 τιύνων.)
374 3883 512 3942 Eiusdem
538 3883 632 3943 Nonni
659 3883 754 3954 gratia
784 3877 906 3960 ἐλέγξῃς
931 3899 1016 3954 quam
1046 3879 1180 3959 ἐλέγξαις
1209 3883 1336 3942 scribere

212 3977 321 4048 maIIm,
341 3983 374 4034 ut
394 3976 484 4035 verba
504 3993 579 4048 quae
600 3980 667 4034 sunt
686 3973 907 4055 καταισχύνειας
921 3982 951 4035 et
964 3973 1083 4055 ἐλέγξῃς
1095 3976 1179 4036 modo
1194 3976 1336 4047 differant,

213 4072 288 4131 sicut
307 4070 392 4130 Dion.
413 4070 438 4128 V
458 4077 512 4128 431
525 4086 566 4141 sq.
584 4067 623 4145 μή
642 4088 678 4127 σε
696 4067 907 4147 παραπλάγξειε
927 4068 998 4149 νόθῃ
1019 4069 1067 4127 καλ
1087 4066 1208 4134 ἄπιστος
1228 4066 1336 4145 ὀπωπή,
