3210 4836
740 421 956 486 ..50-

434 607 483 665 καὶ
501 606 606 687 περόνη
627 604 754 665 θυόεντα
775 604 958 685 διαστήσασα
975 606 1098 685 χιτῶνα,

431 703 536 781 χρυσῷ
549 698 604 775 μὲν
627 698 804 778 πλοκάμους,
822 704 928 779 χρυσῷ
943 696 969 755 δ’
978 695 1126 778 ἐστέψατο
1146 697 1251 778 δείρην.

280 846 378 905 Verba
398 842 427 902 Κ
432 842 580 903 ΟΜΑΩΝ
596 850 626 902 et
645 841 821 917 ΧΙΤΩΝΑ,
843 842 925 902 ΧΑΙ
930 841 1012 902 ΤΗΝ
1021 852 1051 904 et
1065 842 1231 902 ΔΕΙΡΗΝ
1245 862 1302 904 non
1322 846 1414 920 magis

280 940 455 1013 discrepant,
477 955 564 1010 qnam
587 954 662 1009 quae
681 937 758 996 infra
778 956 804 997 v.
820 940 876 997 374
902 937 1022 998 confusa
1048 937 1129 997 vides
1157 941 1293 1015 γυναῖκας
1313 944 1344 997 et
1364 950 1424 996 κο-·

281 1031 383 1099 λώνας.
423 1033 464 1092 Et
484 1032 526 1090 sic
548 1032 578 1088 in
601 1031 737 1089 extremis
761 1032 909 1090 vocabulis
929 1048 976 1105 ap.
996 1033 1129 1093 Nonnum
1151 1032 1321 1105 saepissime
1346 1049 1414 1105 pee-

280 1134 404 1189 catum«
421 1160 448 1170 -
471 1127 548 1196 Hinc
562 1125 668 1204 δείρην,
690 1127 720 1183 in
734 1127 811 1198 quod
825 1127 933 1199 etipse
953 1127 1121 1199 incideram,
1141 1127 1241 1200 recepi
1262 1127 1343 1196 (licet
1363 1126 1415 1185 du-

159 1235 163 1244 ·
280 1222 419 1281 biiaverit
436 1221 472 1280 de
486 1221 541 1279 hac
555 1236 624 1279 voce
639 1219 785 1280 Teurnier
798 1237 828 1292 p.
844 1222 902 1290 21),
923 1219 1007 1277 nimis
1028 1220 1102 1280 enim
1124 1219 1277 1278 videbatur
1298 1218 1415 1293 capillo-

280 1333 343 1373 rum
364 1316 471 1374 mentio
491 1319 538 1371 ter
558 1314 702 1386 repetita,
723 1318 753 1370 et
773 1329 817 1369 vv.
834 1318 985 1370 134-135
1006 1311 1082 1370 idem
1103 1309 1248 1383 flagitant.
1290 1312 1415 1372 Caetera

281 1408 389 1468 Graefii
409 1408 577 1467 coniectura
596 1407 694 1464 minus
715 1412 785 1478 apte
804 1405 933 1477 videtur,
961 1407 1024 1477 quis
1053 1406 1128 1463 enirn
1153 1423 1288 1478 umquam
1308 1406 1415 1466 fibulae

280 1520 336 1577 ope
356 1503 443 1562 solvit
462 1502 593 1560 vestem?
624 1501 659 1558 In
681 1501 800 1572 reliquis
822 1501 1012 1561 Tournerium
1033 1507 1149 1560 secutus
1170 1518 1243 1573 sum,
1264 1501 1314 1573 qui
1334 1519 1361 1574 p.
1378 1508 1413 1560 19

282 1604 355 1655 -21
376 1597 407 1653 in
426 1595 459 1652 M
480 1594 549 1654 libri
567 1595 712 1667 scriptura
731 1592 838 1674 περόνη
862 1592 987 1651 θυόεντα
1007 1595 1100 1653 latere
1117 1594 1314 1652 Hermannum
1334 1611 1415 1652 secu·

280 1694 328 1748 ine
348 1689 471 1761 monuit,
493 1688 635 1759 simulque
649 1687 793 1746 adiectivo
812 1687 968 1749 masculini⁴
984 1689 1108 1761 generis,
1129 1686 1263 1760 θυόεντα,
1283 1689 1415 1747 substan·
1518 1742 1520 1745 .

280 1785 339 1842 tivo
360 1781 490 1841 feminini
517 1782 632 1856 generis
655 1779 775 1859 περόνην
796 1782 884 1856 paulo
910 1781 1081 1840 insolentius
1107 1782 1258 1842 ooniuneio
1278 1782 1414 1854 offensae,

280 1872 463 1952 διασκήσασα
488 1893 542 1948 pro
572 1873 755 1952 διαστήσασα
781 1882 810 1934 ei
835 1874 981 1952 κόρυμβον
1007 1893 1061 1950 pro
1088 1874 1206 1953 κομάων
1232 1875 1414 1935 scribendum

281 1986 346 2028 esse
373 1967 447 2027 vidit
472 1969 579 2029 collato
601 1968 753 2027 Athenaeo
778 1969 836 2026 XII
860 1986 889 2042 p.
909 1971 1003 2028 526A
1028 1968 1209 2048 διησκημένοι
1234 1969 1289 2036 τὰς
1316 1968 1410 2047 κόρας

279 2065 383 2141 χρυσῷ
400 2059 513 2138 κόσμῳ.
535 2094 570 2104 -
592 2060 632 2120 85
654 2061 688 2119 δε
708 2062 756 2133 Μ;
777 2080 893 2139 ερωτας
913 2062 1071 2141 ἀνηστησεν
1090 2064 1138 2136 Μ;
1160 2098 1192 2106 -
1216 2064 1257 2123 86
1279 2063 1357 2142 ἄγων
1371 2063 1414 2135 M,

281 2152 360 2231 ἀγὼν
375 2171 411 2213 ex
424 2150 502 2233 ἄγων
518 2155 550 2227 G,
571 2150 649 2231 ἄγων
662 2156 821 2228 ALNQR
836 2160 866 2214 et
879 2156 990 2229 aliquot
1004 2157 1069 2215 edd.
1084 2162 1168 2230 vett.;
1182 2154 1225 2236 ἄγ’
1231 2153 1256 2213 ὦ
1268 2175 1322 2232 pro
1337 2153 1415 2234 ἀγών
1464 2210 1468 2215 ,

282 2251 354 2311 noni.
380 2249 516 2323 Lennep3
537 2255 614 2324 apte,
634 2249 731 2310 iudice
753 2250 899 2312 Harlesio.
929 2247 1155 2327 περιπτύξασθαι
1171 2251 1233 2325 OQ,
1247 2246 1415 2328 περιπτύξα-

283 2357 354 2452 addc
372 2396 415 2466 N3
436 2427 470 2436 -
486 2391 525 2453 87
546 2391 659 2470 ἀγλαΐαι
675 2413 715 2470 με
728 2393 905 2471 διακρίνουσι
918 2391 1079 2472 προσώπων
1100 2395 1183 2456 codd.
1204 2396 1277 2455 dett.
1298 2402 1328 2454 et
1349 2395 1418 2454 edd<

283 2493 351 2546 ente
365 2488 479 2560 Lehrs,
499 2488 549 2559 qui
563 2503 599 2546 ex
612 2488 772 2546 Hermenni
781 2489 960 2562 coniectura,
981 2490 1010 2547 in
1024 2506 1110 2562 quam
1125 2496 1155 2548 et
1169 2490 1232 2563 ipse
1246 2488 1414 2560 inciderem,

282 2577 475 2658 deceptricem
495 2580 597 2639 edidit.
632 2582 815 2641 Structuram
834 2582 922 2654 plane
942 2580 1086 2641 inficetem
1102 2599 1167 2641 esse
1186 2587 1268 2641 retus
1289 2579 1415 2660 σήμερον

284 2671 415 2750 ἀγλαΐαις
425 2692 465 2750 με
478 2672 654 2750 διακρίνουσι
667 2671 821 2752 προσώπου
835 2675 961 2734 coniecit
979 2674 1109 2748 Lennep,
1129 2676 1236 2734 collato
1255 2693 1282 2733 v.
1297 2682 1362 2733 253.
1378 2705 1414 2718 ·—

284 2767 356 2827 (inm
380 2768 411 2825 in
430 2767 463 2825 Μ
484 2764 588 2844 αγλαΐα
603 2785 643 2842 με
663 2766 850 2843 διακρίνουσα
870 2768 1009 2839 scriptum
1031 2771 1119 2839 exiet,
1139 2768 1237 2826 nescio
1256 2783 1294 2826 an
1315 2765 1416 2844 ἀγλαΐη

280 2879 320 2936 με
344 2859 531 2937 διακρίνουσα
550 2859 734 2920 scribendum
764 2861 817 2932 sit,
843 2860 966 2925 lacunae
993 2860 1082 2932 signis
1109 2865 1177 2934 post
1200 2860 1277 2919 hunc
1300 2875 1416 2920 versum

283 2954 395 3029 positis.
424 2987 458 2996 —-
485 2953 527 3014 88¹
546 2973 599 3012 τινι
618 2954 668 3025 Μ;
686 2953 833 3029 βοκουλος
854 2953 877 3012 G
896 2958 964 3011 ante
984 2967 1074 3025 eorr.;
1100 2948 1187 3018 οὗτος
1207 2954 1251 3013 bis
1271 2954 1361 3013 habet
1380 2953 1415 3025 ὃς

283 3045 397 3129 δπόσση
415 3050 457 3126 (η)
477 3047 563 3108 codd.
584 3046 657 3105 dett.
679 3053 709 3105 et
729 3047 795 3107 edd.
818 3052 887 3105 ente
907 3044 1228 3120 Remorum-occire&
1247 3048 1280 3105 M
1299 3054 1331 3107 et
1349 3047 1415 3106 rell.
1441 3050 1450 3065 ‘

284 3192 350 3251 edd.
369 3224 407 3234 -
425 3189 465 3251 89
479 3186 556 3267 ιερήν
572 3187 704 3247 ενέπουσι
716 3190 765 3261 Μ,
787 3153 921 3248 ἐνέπουσι
935 3191 972 3264 03
992 3189 1099 3270 τιθίνην
1111 3193 1165 3265 W3
1179 3226 1217 3236 -
1232 3191 1276 3252 90
1292 3191 1325 3250 δε
1339 3191 1415 3264 ΜΟ;

279 3283 437 3362 μεθέσπειν
461 3283 501 3355 L;
530 3301 579 3339 και
605 3282 653 3355 Μ;
682 3315 716 3326 -
745 3281 784 3342 91
806 3281 958 3354 βασιλεῖαν
984 3283 1030 3343 ἀεὶ
1056 3285 1209 3345 καλεουσιν
1234 3288 1280 3359 Μ;
1312 3285 1416 3345 »valde

284 3380 405 3453 languet
418 3374 463 3434 dei
482 3377 512 3433 in
525 3376 570 3434 his
584 3377 692 3451 verbis,
713 3383 747 3435 ut
759 3394 816 3438 non
831 3377 1022 3439 dubitandum
1035 3380 1179 3451 videatur,
1201 3382 1270 3453 quin
1290 3380 1416 3452 genuina

284 3474 429 3547 scriptura
447 3471 486 3529 sit
498 3466 718 3532 ἐπικλείουσιν..ι
744 3472 892 3533 Hermann
905 3493 934 3548 p.
951 3482 995 3534 13.
1012 3507 1046 3517 -
1062 3472 1105 3533 92
1121 3472 1239 3539 ἄναλκις
1251 3474 1298 3546 Μ;
1318 3469 1368 3551 ἐην
1380 3472 1416 3545 L,

285 3562 334 3645 ἑήν
353 3565 394 3636 Ας
422 3557 470 3643 ἔην
496 3564 564 3624 huic
588 3566 652 3626 loco
676 3582 779 3639 parum
800 3573 900 3641 aptum
921 3583 957 3626 ex
980 3567 1109 3627 Homero
1129 3568 1174 3638 (Il.
1193 3567 1221 3626 E
1241 3570 1324 3639 330):
1344 3564 1362 3624 δ
1382 3564 1417 3625 δὲ

286 3655 391 3735 Κόπριν
412 3652 544 3736 ἐπῴχετο
566 3655 645 3736 νηλέϊ
658 3658 952 3738 χαλκῷΓιγνώσκων
971 3656 1010 3718 dr)
1039 3658 1157 3726 ἄναλκις
1180 3653 1229 3739 ἔην
1252 3657 1324 3726 θεὸς
1342 3676 1418 3719 sum·

284 3757 368 3826 ptum
389 3768 454 3811 esse
473 3754 584 3812 monuit
596 3752 726 3828 Lennep.
741 3786 776 3796 -
789 3753 945 3829 βασιλείων
966 3754 1003 3826 Ο;
1018 3785 1054 3796 -—
1069 3751 1109 3812 98
1130 3752 1291 3830 κοιρανοίην
1312 3755 1351 3827 Q;
1370 3738 1417 3811 οδ

285 3843 394 3924 δεγχος
417 3845 467 3915 Μ,
497 3841 557 3904 οὐδ’
581 3841 671 3928 εὖχος
696 3847 838 3919 PSVW3
868 3842 930 3904 οὐδ’
959 3846 1043 3907 codd
1069 3852 1099 3907 et
1129 3846 1194 3906 edd.
1220 3852 1289 3907 onte
1313 3847 1416 3906 Lehrs.

287 3939 370 3999 »Nisi
389 3942 478 4016 poulo
498 3941 612 4016 longius
639 3960 661 4003 o
682 3944 803 4016 vulgate
822 3943 991 4015 aberraret,
1011 3938 1073 4000 fere
1092 3941 1243 4001 crederem
1263 3941 1416 4024 Oolnrhum

284 4033 403 4094 dedisse
424 4068 460 4078 -
1028 4030 1062 4092 οὐ
1078 4034 1226 4114 βασιλήων
1282 4034 1287 4037 ’

490 4131 642 4207 κοιρανίην,
663 4123 724 4186 οὐδ’
743 4124 823 4207 εἶχον
840 4124 945 4206 Άοήιον
960 4124 999 4195 ,ἐς
1016 4126 1106 4204 βέλος
1126 4126 1224 4207 ἀλκήν.
