3208 4848
676 366 887 430 ..85-

222 558 255 611 ut
277 552 423 610 adiectum
444 555 577 609 constans
598 551 721 610 Phthiae
740 551 898 625 epitheton,
917 551 1101 629 βωτιάνειρα,
1119 559 1271 613 monstrat.
1289 553 1340 628 βο-

221 642 348 720 τιόνειρα
362 643 574 722 ALNQRSV
584 650 614 703 et
623 665 650 717 ιι,
666 645 715 716 qui
726 661 798 705 corr.
809 645 838 702 in
852 660 953 717 marg,
967 642 1132 723 βοτιόνεηοα
1146 645 1248 706 Caute
1257 663 1338 719 corr,

219 736 400 814 βουτιόνειρα
416 739 508 798 voluit
517 737 678 809 Perdrier.3
691 757 739 795 και
756 734 912 814 εοροᾶγνια
926 740 967 797 Μ.
987 772 1024 782 -
1042 740 1089 799 Dc
1099 756 1152 801 vv.
1166 739 1338 802 222-230

219 835 340 908 primum
355 835 517 906 scripturae
531 832 729 891 diversitatem
743 848 908 906 proponam.
930 848 982 893 vv.
998 833 1165 894 221-225
1186 835 1255 896 olim
1275 841 1340 908 post
1440 891 1452 895 -

219 979 245 1020 ν.
261 969 316 1020 230
330 960 516 1034 legebantnr3
530 959 708 1032 transposuit
718 958 884 1018 Schneider.
896 993 932 1002 -
945 957 1006 1019 221
1018 959 1098 1041 λιγὸς
1113 963 1150 1034 Q3
1165 925 1285 1039 γαλόνης
1297 964 1339 1034 Ν,

219 1121 254 1128 -
269 1087 336 1147 222
357 1087 452 1165 δηρῶν
465 1088 507 1159 M,
521 1050 615 1164 δηρδλν
628 1087 700 1158 NR3
720 1105 921 1162 ερεσσομενων
933 1088 975 1160 Μ,
990 1084 1186 1168 ἐρεσσομένης
1198 1089 1233 1163 L,
1253 1091 1337 1162 unde,

218 1197 282 1239 cum
302 1187 362 1240 tres
383 1183 425 1239 illi
452 1182 580 1253 genetivi
600 1178 728 1256 γαλήνης,
749 1176 958 1256 ἐρεσσομένων,
978 1179 1109 1257 ἐρετμῶν
1125 1183 1264 1256 explicari
1282 1199 1338 1242 non

216 1292 302 1349 posse
326 1276 493 1344 crediderit,
512 1274 626 1346 recepit
640 1273 742 1344 Iulien,
763 1274 812 1344 qui
831 1280 986 1347 praeterea
1005 1272 1125 1354 γαλήνην
1144 1292 1197 1348 pro
1217 1273 1339 1353 γαλήνης

218 1369 348 1428 coniecit.
383 1369 479 1428 Etiam
501 1366 632 1428 Graeiius
652 1386 681 1440 p.
697 1374 766 1426 251:
789 1373 858 1426 »aut
876 1368 1044 1441 recipienda
1062 1369 1150 1427 lectio
1165 1367 1234 1427 Ood.
1248 1368 1336 1427 Lacr.

218 1457 338 1539 γαλήνης
350 1458 437 1538 δηρὸν
450 1457 655 1536 ἐρεσσομένης,
675 1464 726 1517 aut
739 1459 814 1531 quod
829 1460 992 1519 concinnius
1012 1461 1135 1534 videtur,
1155 1459 1335 1520 scribendum

217 1552 350 1632 γαληνὸς
370 1586 407 1597 -
428 1552 534 1618 δοῦπος
547 1549 677 1629 ἐρετμῶν
699 1552 735 1610 dc
753 1554 953 1624 tranquilla
971 1554 1000 1610 in
1016 1552 1103 1613 fluvio
1122 1554 1333 1625 navigatione«

217 1648 343 1721 vmgato
368 1644 569 1724 ἐρεσσομένων
589 1652 703 1706 retento
723 1646 796 1705 bene
822 1648 909 1705 vertit
927 1646 1035 1705 Lehrs:
1066 1663 1181 1719 »neque
1202 1646 1335 1719 aequoris

217 1741 391 1814 dinavigatis
412 1741 586 1800 audiebatur
606 1740 716 1799 sonitus
739 1741 855 1798 remis«.
878 1772 911 1782 -
933 1736 1055 1816 ήκοόετο
1074 1739 1116 1813 Μ,
1136 1736 1275 1797 οὐκοόετο
1295 1740 1335 1812 Q3

215 1830 339 1911 ἐριτμῶν
359 1836 400 1908 R,
421 1831 515 1910 ἐσμῶν
536 1833 587 1906 W3
607 1865 644 1875 -
668 1830 733 1891 224
754 1853 803 1888 και
819 1831 932 1910 χόόνος
950 1833 998 1905 Μ;
1023 1831 1200 1890 εοκόλποισιν
1220 1833 1266 1906 Μ,
1290 1828 1335 1890 εὐ·

216 1927 360 1986 κόλποισιν
379 1928 469 1987 ALN
478 1929 534 2000 QR
553 1933 585 1987 et
604 1934 636 1986 ut
655 1927 711 1985 vid.
726 1928 759 2001 Ρ,
779 1923 940 1984 εὐκόλποισι
954 1926 984 2000 (l,
1005 1922 1036 1984 ἐν
1056 1925 1200 1986 κόλποισιν
1220 1927 1285 1988 SW
1303 1933 1335 1988 ct

216 2054 371 2139 addente
391 2055 533 2127 Bekker.;
553 2050 714 2132 ἐπιήονεσσι
734 2055 773 2127 Q,
793 2051 838 2112 ἐπὶ
857 2051 974 2131 ήόνεσσι
992 2053 1033 2126 Α,
1052 2016 1160 2132 ήὶόνεΜ
1179 2056 1214 2127 0;
1232 2055 1334 2131 βαλαν-

215 2168 264 2214 τες
277 2150 318 2223 Μ,
330 2147 488 2223 βαλλόντες
502 2152 535 2222 Q.
550 2183 585 2190 —
599 2149 719 2222 Lennep
732 2165 813 2207 »cum
823 2150 871 2207 hio
880 2149 994 2207 demum
1007 2147 1090 2206 Paris
1105 2147 1219 2206 dicatur
1231 2166 1333 2209 navem

120 2294 122 2298 .
215 2259 378 2316 egressus«,
398 2245 519 2302 miratus
539 2248 594 2315 est,
620 2243 689 2315 »qui
707 2239 769 2300 fieri
790 2242 886 2314 potuit
906 2247 938 2299 ut
957 2256 1054 2300 omnes
1074 2241 1139 2298 illas
1159 2242 1245 2300 urbes
1266 2259 1331 2302 con·

214 2338 371 2409 templatus
391 2335 480 2394 fuerit
499 2341 530 2394 et
549 2337 630 2394 iuxta
649 2336 714 2393 illas
740 2337 797 2393 iter
819 2333 947 2393 fecerit«
989 2336 1085 2406 Quare
1105 2334 1174 2393 licet
1193 2336 1332 2410 singulari

216 2426 343 2486 colluthi
362 2428 476 2486 inscitia
497 2428 634 2500 explicari
653 2429 726 2486 haec
745 2444 831 2500 posse
847 2432 929 2486 ratus
948 2427 996 2500 sit,
1015 2432 1113 2486 tamen
1132 2432 1227 2487 motus
1247 2444 1331 2501 prae·

213 2521 313 2579 sertim
335 2518 383 2576 καλ
403 2522 547 2593 particula
567 2521 661 2580 locum
676 2522 769 2579 minus
783 2521 960 2580 commodum
975 2521 1122 2581 obtinente
1136 2538 1179 2578 vv.
1195 2528 1260 2580 224.
1275 2530 1330 2583 225

212 2619 279 2685 post
304 2631 329 2672 v.
351 2622 406 2672 212
426 2613 587 2672 reiciendos
608 2629 671 2671 esse
691 2611 813 2685 putavit,
837 2612 946 2672 addens
966 2617 1076 2671 mmen:
1104 2613 1214 2671 »videri
1232 2621 1332 2687 posset

212 2706 280 2765 huic
299 2709 481 2767 coniecturae
502 2708 618 2767 obstare
643 2706 719 2778 quod
746 2724 771 2764 v.
794 2713 849 2764 222
871 2713 901 2765 et
920 2714 975 2766 223
999 2707 1108 2779 legitur
1131 2701 1212 2764 οόπω
1233 2706 1330 2765 κεῖθεν

213 2792 262 2876 ἔην
283 2798 400 2878 δολιχὸς
419 2799 515 2874 πλόος,
537 2798 605 2859 οὐδὲ
625 2798 746 2879 γαλήνης
758 2798 850 2878 Δηρδν
863 2796 1064 2876 ἐρεσσομένων
1083 2796 1207 2878 ήκοόετο
1226 2799 1331 2866 δοῦπος

214 2890 353 2968 ἐρετμῶν,
373 2895 424 2953 ubi
446 2894 600 2952 manifesta
619 2894 713 2953 adhuc
732 2893 923 2966 navigationis
943 2893 1059 2952 mentio.
1090 2892 1197 2951 Verum
1216 2895 1266 2967 qui
1285 2910 1330 2953 se-

212 2987 332 3055 quentia
353 2988 544 3058 consuluerit,
563 2987 648 3047 facile
668 2988 788 3060 sentiet,
809 2986 881 3045 haec
900 3003 970 3055 non,
993 2986 1049 3044 nisi
1069 2991 1102 3045 ut
1120 2987 1272 3046 transitum
1291 2988 1329 3047 ad

211 3078 264 3136 illa
288 3077 414 3154 iaceret,
439 3082 591 3154 inservire,
615 3082 707 3140 etsie
727 3081 854 3153 eleganti
873 3080 1054 3153 oppositione
1074 3081 1168 3139 oratio
1188 3080 1330 3154 dirigetur

212 3170 250 3229 ad
267 3172 412 3247 Paridem,
427 3176 475 3246 qui
489 3176 546 3234 iam
560 3175 720 3248 cupiditate
730 3175 860 3233 Helenae
873 3173 1016 3232 videndae
1031 3172 1154 3233 ardebat
1167 3175 1330 3232 etmaxima

210 3261 410 3339 festinatione,
436 3273 469 3326 ut
495 3269 657 3327 amantibus
677 3269 833 3341 proprium,
854 3267 891 3326 ad
917 3283 980 3326 eam
1004 3268 1206 3341 properabat«
1248 3269 1329 3339 Quae

210 3358 304 3417 omnia
325 3358 533 3419 absurdissima
559 3377 624 3420 esse
648 3362 787 3421 iudicavit
807 3360 939 3421 Graclius
964 3379 993 3435 p.
1014 3369 1084 3435 251,
1108 3369 1139 3421 ct
1157 3363 1329 3435 improbavit

211 3483 298 3542 etiam
318 3484 476 3545 Schneider
501 3505 529 3560 p.
550 3496 616 3548 418.
636 3521 674 3531 —
695 3487 760 3548 225
785 3485 890 3548 ἔλυσαν
909 3489 955 3558 Μ,
977 3451 1086 3547 ἔδόσαν
1106 3490 1158 3561 W3
1182 3489 1263 3555 όσοις
1280 3490 1328 3560 Μ;

210 3576 322 3644 aloem
338 3585 369 3638 et
381 3581 448 3639 edd.
461 3582 530 3640 inde
543 3600 561 3641 a
573 3582 717 3655 Bekkero‚
732 3581 800 3649 νοὸς
813 3583 895 3642 codd.
910 3584 981 3642 dett.
996 3589 1026 3642 et
1038 3584 1102 3641 rell.
1116 3582 1191 3656 edd,
1204 3600 1258 3656 pro
1271 3600 1328 3656 quo

210 3670 275 3739 νεὸς
294 3676 532 3735 commendabant
551 3676 679 3750 Lennep,
701 3683 739 3750 et,
762 3678 812 3750 qui
832 3678 918 3736 etiam
938 3678 969 3734 in
988 3675 1187 3749 blbrincidit,
1207 3676 1327 3737 Dorvill.

207 3766 384 3847 -μεμήλει
404 3786 440 3829 ex
458 3770 491 3829 Μ
510 3772 608 3844 recepi
627 3775 786 3844 praeeunte
807 3772 894 3830 etiam
913 3771 1072 3831 Tournerio
1092 3788 1120 3844 p.
1140 3777 1187 3844 80,
1208 3776 1238 3829 et
1261 3788 1328 3845 pro·

208 3858 295 3920 hante
315 3861 490 3923 Schneidero
510 3880 576 3923 rec.
597 3883 626 3937 p.
643 3871 706 3923 194.
724 3862 848 3941 μέμηλεν
867 3867 930 3923 rell.
945 3865 1027 3924 codd.
1042 3871 1072 3924 et
1088 3865 1153 3924 edd.
1168 3880 1274 3925 omues.
1288 3898 1326 3908 -

208 3951 275 4012 228
289 3953 374 4014 ενδεν
384 3958 430 4030 Μ;
445 3954 482 4034 dc
496 3960 563 4030 (sic)
577 3955 748 4037 ἐρχομένοιο
761 3961 834 4018 coni.
846 3958 1012 4032 Schneider,
1027 3957 1232 4039 ἀνερχομένοιο
1243 3958 1326 4018 οοδδ.

207 4054 237 4108 et
256 4049 322 4108 edd.
348 4067 461 4124 umnec,
485 4053 541 4110 nisi
567 4052 644 4125 quod
669 4071 872 4130 ανεργομενοιο
891 4053 938 4125 M,
961 4071 1154 4129 παρειαμενας
1170 4052 1217 4126 Μ,
1237 4049 1327 4127 elepa-
