3210 4836
632 379 847 442 „31-

173 567 336 633 aOolutbo
360 574 457 628 tamen
482 563 644 640 profectum
672 580 730 624 nou
759 563 903 623 videtur«.
941 560 1072 623 Graefius
1098 563 1149 635 qni
1174 560 1227 619 δαί
1245 577 1302 622 non
1335 624 1338 629 ,

176 679 241 723 esse
253 663 355 724 horum
369 667 524 737 poetarum
543 665 624 719 recte
643 659 763 732 monuit,
784 657 816 716 τί
830 654 858 715 θ’
882 652 928 730 αὖ,
950 673 1025 730 »quo
1047 661 1077 715 et
1097 657 1192 716 altera
1210 656 1302 716 lectio

174 753 202 814 δ’
224 752 259 816 ἂν
279 756 386 828 ducit«,
406 755 530 815 coniecit
549 771 577 827 p.
593 758 648 811 242
670 758 700 811 et
714 751 851 811 Observa.
872 752 949 810 oritt.
969 751 1000 809 iu
1013 749 1170 824 Trypbiod.
1191 766 1220 823 p.
1236 756 1301 810 233.

175 882 213 894 -·
227 848 247 910 9
261 846 330 930 όιρχ.
345 866 381 909 ex
394 868 464 927 αρχ.
476 848 510 906 Μ
521 854 547 920 2,
563 842 754 925 όρχαικόκων
765 845 830 904 ΑΜ.
845 863 873 917 ιι;
893 860 967 904 corr.
983 845 1072 903 etiam
1084 842 1186 902 Perdr.
1200 841 1303 901 πόντον

176 1010 213 1053 ex
224 1013 328 1053 παντον
337 994 371 1054 Μ
385 1003 416 1067 2;
437 991 517 1071 γαίαν
531 992 600 1063 LP;
621 988 698 1066 όρίνη
711 989 777 1063 ΜΡ,
788 986 878 1066 ὀρίνει
892 989 926 1062 Q,
941 952 1029 1065 όρίνέι
1041 988 1110 1048 NR.
1127 987 1188 1046 τίνα
1199 984 1303 1045 πόντον

176 1085 250 1161 όμοῦ
270 1086 319 1144 καλ
339 1090 420 1164 γαῖαν
440 1084 533 1163 ὄρινεν
553 1085 669 1158 scripsit
689 1084 830 1157 probante
844 1083 979 1142 Harlesio
993 1082 1085 1141 Leuu.
1099 1099 1164 1141 oum
1183 1082 1303 1155 vulgata

179 1181 277 1240 anullo
296 1181 381 1240 modo
402 1180 581 1240 commodum
603 1179 760 1239 admittant
782 1193 928 1246 sensum«,
948 1192 1088 1249 suamque
1108 1176 1304 1237 coniecturam

181 1273 292 1346 Q‘libri
317 1275 461 1348 scriptura
491 1269 578 1350 ὀρίνει
600 1271 709 1331 firmari
735 1271 906 1343 crediderit3
934 1270 1088 1331 »facillimo
1109 1270 1185 1330 enim
1205 1286 1305 1329 errore

178 1357 301 1426 alitera
318 1369 346 1427 N
366 1369 458 1427 altero
482 1368 575 1426 latere
604 1382 701 1438 eraso,
727 1366 796 1425 oriri
822 1371 921 1438 potest
940 1365 968 1438 I,
994 1365 1071 1437 qnod
1094 1366 1125 1423 in
1150 1364 1304 1424 codicibus

177 1477 265 1519 mauu
285 1463 402 1535 scriptis
422 1479 479 1521 uon
498 1476 566 1518 raro
586 1446 738 1531 accidisse,
757 1474 850 1531 nemo,
871 1446 921 1529 qui
935 1474 985 1518 eos
999 1458 1090 1518 oculis
1108 1457 1303 1531 usurpaverit,

178 1552 284 1612 infitias
297 1553 381 1613 ibit«.
410 1555 565 1628 Vulgatam
580 1551 709 1611 defendit
727 1550 858 1610 Bekker:
887 1551 1007 1610 »eadem
1022 1557 1168 1610 structura
1182 1552 1316 1610 Nonnus·

180 1654 224 1720 11,
236 1655 292 1707 288
306 1646 338 1704 τί
343 1645 435 1724 χρέος
447 1643 490 1726 ἦν,
508 1646 552 1705 ἵνα
564 1643 666 1704 πόντον
681 1639 825 1724 όμείλιχον
838 1642 1015 1725 ἡνιοχεόηςτ.
1035 1680 1067 1688 -
1090 1645 1129 1705 10
1150 1647 1234 1722 nolon
1247 1660 1304 1705 om.

178 1739 243 1799 MR
268 1746 298 1800 et
322 1739 389 1800 fort.
410 1741 461 1799 alii
481 1739 564 1800 codd.
589 1734 694 1816 ὠγυγίη
713 1739 755 1812 M,
781 1738 906 1808 Bekker‚
932 1745 963 1798 et
986 1740 1049 1798 rell.
1075 1739 1150 1812 edd,
1172 1734 1306 1814 ὠκυπέτη

179 1833 262 1893 codd.
283 1834 354 1893 dett.
378 1839 408 1892 et
434 1834 499 1892 edd.
525 1840 593 1892 aute
618 1834 812 1906 Lennepium,
839 1834 888 1906 qui
918 1833 1079 1904 Dausqueii
1109 1833 1306 1892 coniecturam

179 1922 329 2005 ὠκυπέτης
353 1928 465 2001 recepit
489 1931 520 1986 et
544 1927 640 1986 addit:
678 1927 755 1986 »Gur
779 1933 876 1986 tamen
907 1933 937 1985 et
961 1927 1033 1985 illud
1058 1928 1114 1985 sibi
1140 1931 1306 1999 suspectum

180 2020 296 2094 dixerit,
316 2037 433 2079 causam
453 2022 509 2080 nisi
529 2022 703 2081 levissimam
723 2021 817 2081 video.
851 2021 882 2080 Si
901 2020 977 2081 forte
997 2020 1107 2094 aliquid
1126 2020 1305 2093 tentandum,

178 2131 236 2174 non
261 2115 386 2173 alienum
412 2113 502 2174 foret:
531 2114 610 2171 »τίνα
634 2113 735 2172 πόντον
760 2112 832 2191 ὁμοῦ
858 2114 906 2171 καλ
931 2117 1012 2191 γαῖαν
1037 2113 1130 2191 ὄρινεν
1160 2111 1307 2179 Βουκόλος

179 2202 343 2285 ὠκυπέτης·
366 2186 409 2272 τίς
428 2206 457 2264 δ’
477 2203 579 2265 ἔπλετο
598 2208 710 2272 νείκεος
730 2204 815 2286 nield.
845 2207 1036 2267 Velocitatem
1055 2208 1155 2266 Paridi
1175 2208 1306 2281 apprime
1330 2190 1337 2206 ’

180 2303 341 2374 convenire,
362 2306 421 2359 tum
443 2301 520 2373 quod
541 2318 639 2361 amore
659 2304 689 2360 in
709 2316 766 2374 quo
785 2301 866 2359 nulla
886 2317 1011 2372 unquam
1030 2317 1112 2361 mora
1132 2300 1228 2374 datur,
1254 2299 1307 2358 fla-

181 2400 289 2467 graret,
309 2401 369 2452 tum
390 2394 467 2465 quod
487 2395 589 2454 velox
613 2394 766 2455 admodum
785 2393 881 2464 fuerit,
903 2396 1019 2466 liquet«
1058 2395 1217 2461 Caeterum,
1232 2388 1305 2470 ὠγυ-

181 2482 353 2573 γίηνᾶόιρχὴν
372 2503 426 2561 pro
439 2484 553 2566 πρώτην
572 2483 1008 2567 ἀρχῆν1111111111111111111110111111
1023 2505 1088 2549 esse
1106 2495 1197 2559 ratus,
1217 2489 1308 2546 Tour-

183 2581 248 2641 nier
266 2588 327 2655 pa
348 2576 453 2658 όλυηίη
478 2599 531 2655 pro
556 2578 662 2660 ὠγυγίη
688 2583 825 2657 coniecit,
850 2584 956 2643 collato
980 2582 1126 2656 Hesycbio
1151 2577 1306 2659 (ῶλυηύων

183 2673 352 2732 σκοτεινῶν·
374 2674 487 2732 κακῶν·
505 2677 642 2754 μακρῶν·
664 2673 769 2746 ὀξέων·
792 2675 940 2753 μεγάλων)
966 2674 997 2736 es
1019 2677 1133 2738 Scholio
1153 2677 1191 2737 ad
1210 2678 1306 2751 Apoll.

182 2767 238 2827 Rh.
251 2767 292 2827 IV
308 2776 382 2829 1258
408 2768 589 2847 (Διωλυγίης
617 2770 780 2848 σκοτεινῆς·
806 2763 824 2847 ἢ
844 2769 996 2847 διωλυγίης
1013 2767 1078 2830 όντὶ
1103 2770 1154 2828 τοῦ
1174 2767 1220 2828 ἐπὶ
1237 2767 1307 2828 πολὺ

182 2859 357 2942 διηκοόοης).
383 2897 421 2908 -
445 2884 489 2930 τις
501 2864 685 2937 MNPQw3
712 2862 824 2930 νεικέος
838 2865 876 2937 Q3
902 2861 980 2943 όρχη
995 2865 1042 2938 Μ;
1069 2897 1102 2906 -
1131 2863 1165 2922 11
1185 2862 1307 2924 καταθα-

182 2954 292 3014 νότοισι
304 2957 351 3031 Μ;
371 2954 584 3034 θεμιστεύσωσι
597 2957 640 3032 Μ,
654 2957 780 3031 Belrker,
802 2962 833 3016 et
845 2957 908 3016 rell.
924 2957 1000 3030 edd,
1015 2955 1210 3033 θεμιστεύωσι
1223 2957 1306 3019 codd.

182 3048 255 3108 dett.
276 3054 307 3108 et
328 3050 394 3109 edd.
414 3057 482 3110 anto
498 3051 640 3124 Bekker.;
661 3052 764 3130 νομῆες
784 3068 820 3112 ex
840 3052 927 3130 νομῆς
946 3068 982 3110 m.
997 3069 1041 3126 pr.
1062 3051 1243 3113 inc-12
1265 3073 1308 3120 τις

181 3141 216 3201 δε
229 3143 263 3202 M
268 3160 276 3216 3
296 3142 463 3223 δικασπολίη
476 3145 517 3216 A?
538 3139 625 3202 ἔκλυε
640 3145 770 3219 GLNP3
790 3142 900 3224 νύμφης
914 3162 950 3205 cx
963 3141 1081 3223 νύμφεις
1093 3146 1135 3206 Μ.
1150 3179 1187 3190 -
1202 3147 1238 3207 18
1258 3145 1307 3225 ἁρ-

183 3254 261 3315 γειης
273 3236 306 3295 Μ
322 3243 347 3310 1,
368 3231 487 3314 όργειης
499 3237 533 3295 Μ
547 3244 573 3295 2.
584 3269 622 3280 -
631 3233 767 3317 Ἀργείης·
788 3236 865 3317 ἀτὰρ
878 3236 967 3297 adca!
974 3241 1059 3299 metri
1071 3241 1205 3299 nimirum
1219 3257 1308 3302 causa

182 3331 255 3391 coni.
275 3328 416 3389 Wernikc
443 3329 481 3389 ad
505 3331 613 3404 Trypb.
640 3350 668 3406 p.
689 3340 749 3406 39.;
773 3329 944 3413 ἐθηήσασθε
961 3334 1027 3394 Μ2
1054 3351 1090 3394 ex
1113 3331 1306 3412 ἐθηήσασθω,

182 3435 405 3552 ἐθηήσασθῶιρ
425 3479 511 3548 (corr.
525 3494 563 3536 m.
576 3481 663 3550 rec.);
680 3475 828 3554 μολούσας
841 3480 915 3539 coni.
930 3478 1166 3540 Hemsterbusius
1187 3479 1217 3538 iu
1229 3480 1307 3540 notis

182 3565 221 3625 ad
240 3567 398 3627 Lucienum
417 3569 526 3629 Toml
545 3577 644 3644 11252
665 3575 694 3629 et
712 3570 832 3644 Leuncp
850 3572 880 3628 in
898 3571 989 3642 notis,
1009 3570 1073 3631 ubi:
1101 3572 1150 3631 »Si
1169 3572 1307 3646 vulgatae

184 3658 332 3732 standum,
358 3662 395 3723 de
415 3664 487 3738 ipsis
507 3663 647 3738 Nymphis
667 3663 800 3723 Troianis
829 3664 903 3723 haec
927 3663 1130 3737 intelligenda:
1159 3666 1186 3724 si
1209 3670 1307 3726 amen

182 3766 295 3841 meeum
314 3770 438 3830 reponas
455 3754 619 3833 μολούσας,
646 3757 683 3818 de
703 3756 813 3817 deabus
833 3758 957 3832 Iunone,
982 3757 1094 3819 Venere
1115 3765 1146 3819 et
1164 3759 1307 3836 Minerva,

182 3860 304 3918 quarum
316 3849 424 3910 mentio
438 3867 479 3909 vs.
496 3858 530 3911 11
545 3852 603 3911 iam
616 3850 703 3925 iacta,
724 3850 763 3911 ad
776 3850 857 3911 Idam
870 3852 1094 3926 properantibus
1112 3855 1178 3928 capi
1191 3854 1307 3915 debetc.

183 3937 292 4000 Oontra
304 3956 389 4012 quem
403 3941 501 4003 Herm.
521 3963 550 4020 p.
566 3953 593 4006 8.
608 3954 626 4007 9
648 3946 808 4024 »μολοῦσαι
822 3948 848 4007 si
861 3963 897 4006 ex
910 3948 1124 4008 Hemsterbusii
1137 3951 1307 4012 coniectura

182 4033 212 4091 in
222 4029 372 4108 μολούσας
383 4041 562 4112 mutaretur,
572 4046 659 4100 antea
674 4041 855 4102 scribendum
870 4046 934 4101 erat
954 4038 1123 4123 όθσνότησι.
1154 4043 1213 4104 Sed
1225 4051 1307 4105 recte

181 4125 320 4188 librorum
341 4128 515 4204 scripturam
539 4135 666 4194 servavit
684 4136 827 4209 Iulianus,
854 4133 1042 4210 defenditque
1067 4153 1169 4199 censor
1187 4136 1307 4197 Heidel-
