3210 4836
662 419 888 530 -.5..¹

198 652 311 737 burgii,
341 649 491 739 anonymi
513 649 679 719 cuiusdam
707 649 794 716 docti
815 648 969 734 (Danielis
989 649 1128 730 Heinsii,
1155 649 1206 716 vel
1231 651 1319 734 quod

197 762 276 827 mihi
298 760 499 846 probabilius
521 760 663 840 videtur,
692 760 841 826 Gulielmi
864 761 1005 844 Canteri)
1026 760 1191 842 1101111111,
1211 760 1319 827 Ruhn-

196 872 283 937 kenii
311 876 344 937 et
368 872 468 954 ipsius
489 871 643 953 Lennepii
668 891 739 936 oum
761 869 949 936 lectionibus
971 870 1244 955 neglegentissime
1265 891 1318 939 ex·

196 982 313 1066 carptis
336 1003 392 1047 sex
413 981 569 1061 codicum,
585 980 788 1046 Ambrosiam
809 980 891 1061 dieo,
914 980 1137 1061 Laurentiani,
1161 981 1321 1061 Vossiaui„

197 1092 401 1171 Reimariani,
418 1092 555 1157 duorum
575 1090 801 1155 Parisinorum.
838 1089 1038 1156 Difficiliores
1057 1089 1197 1159 colluthi
1210 1089 1273 1158 looi
1285 1091 1319 1155 in

202 1202 560 1267 »Animadversionibus
575 1201 619 1267 ad
634 1200 832 1267 Colluthum‹
852 1201 985 1266 editioni
998 1201 1174 1269 subiunctis
1187 1201 1320 1280 11101111

196 1318 287 1394 sunt,
317 1312 373 1377 ubi
400 1313 498 1378 etiam
524 1313 564 1378 de
589 1311 762 1378 multorum
783 1311 919 1377 aliorum
941 1312 1131 1395 scriptorum
1151 1312 1230 1378 loeis
1251 1331 1319 1379 eor·

197 1423 301 1507 ruptis
322 1424 424 1489 fusius
447 1423 562 1506 agitur.
605 1423 697 1488 Hane
727 1423 898 1489 editionem
920 1424 999 1488 satis
1019 1423 1140 1490 cultam
1161 1422 1321 1490 sudhem.

199 1534 286 1617 nepii
308 1534 542 1617 suspicionibus
564 1554 662 1617 saepe
685 1534 815 1601 minime
836 1533 1022 1599 necessariis
1046 1538 1080 1599 et
1093 1551 1319 1616 nonnunquam

195 1644 285 1709 falsis
306 1644 400 1708 nimis
427 1643 581 1710 refertam
609 1648 782 1728 antequam
809 1643 919 1709 reeudi
946 1643 1023 1709 feeit
1047 1642 1086 1709 G.
1106 1642 1148 1708 H.
1168 1641 1319 1710 Sebasfer

199 1753 298 1837 (Lips.
318 1754 429 1838 1825),
448 1753 586 1818 Bandini
604 1754 652 1818 ita
670 1753 703 1819 in
727 1774 819 1819 suum
838 1774 930 1827 usum
949 1753 1106 1819 convertit
1125 1751 1321 1838 (Florentiae

201 1865 297 1947 1765)
313 1868 429 1930 utnon
443 1863 546 1929 solum
561 1869 684 1930 textum
699 1870 732 1930 et
746 1851 838 1931 notas
852 1885 962 1930 verum
977 1865 1074 1929 etiam
1087 1862 1320 1947 praefationem

195 1975 229 2039 in
253 1975 398 2040 Italicum
421 1995 547 2040 versam
576 1975 715 2041 auctoris
741 1975 868 2040 nomine
898 1995 939 2040 ne
972 1978 1219 2041 eommemorato
1252 1975 1319 2059 qni·

196 2084 269 2151 dem
297 2086 456 2169 receperit
479 2090 513 2150 et
539 2085 618 2150 nihil
640 2085 701 2151 nisi
729 2084 876 2151 Italicam
903 2085 1035 2151 Antonii
1055 2084 1178 2150 Mariae
1200 2083 1321 2151 salvini

197 2197 372 2263 versionem
403 2196 575 2262 addiderit.
622 2195 775 2278 Lennepii
801 2179 977 2262 versionem
1003 2194 1138 2261 latinam
1166 2199 1200 2261 et
1227 2198 1323 2265 notas.

198 2326 423 2389 nonnunquam
456 2306 591 2372 feliciter
622 2306 763 2373 correxit
794 2304 960 2388 Philippus
991 2304 1080 2386 Soio,
1113 2306 1169 2389 qui
1195 2305 1320 2371 Matriti

199 2437 283 2483 anno
308 2418 392 2482 1770
418 2415 521 2482 edidit
543 2415 723 2482 Colluthum
752 2414 866 2481 addita
894 2434 1021 2498 quoque
1041 2414 1186 2483 versione
1206 2415 1321 2500 Hispa·

196 2528 269 2593 nica
296 2528 339 2593 ab
366 2528 491 2611 Ignatio
519 2527 638 2594 Geraia
663 2526 818 2594 coniecta
861 2526 950 2592 Nihil
975 2530 1084 2592 tamen
1105 2525 1146 2592 de
1167 2526 1321 2611 Lennepii

197 2637 337 2705 editione
365 2637 540 2704 innotuisse
567 2628 694 2702 videtur
714 2637 835 2721 Angelo
860 2636 1027 2705 Theodoro
1049 2635 1153 2703 Villae
1180 2637 1235 2722 qui
1255 2636 1321 2704 Ms-
1429 2616 1432 2621 ¹

198 2749 318 2816 diolani
339 2770 423 2818 anno
448 2749 530 2816 1753
552 2748 596 2813 ad
617 2747 736 2814 oodiois
758 2745 962 2815 ambrosiani
982 2745 1081 2813 fidem
1102 2745 1204 2813 edidit
1218 2747 1321 2814 Collu-

199 2861 290 2926 thum
312 2860 433 2926 additis
454 2861 539 2925 notis
560 2859 604 2925 ad
625 2858 868 2942 grammaticam
888 2862 923 2923 et
943 2856 1174 2941 mythologiam
1195 2857 1321 2939 potissi·

196 2991 284 3036 mum
297 2969 542 3055 pertinentibus.
568 2969 688 3035 Contra
703 2972 792 3035 totus
802 2968 870 3032 fere
885 2988 925 3033 ex
935 2966 1098 3051 Lennepio
1109 2966 1230 3051 pendet
1239 2966 1321 3035 Han

200 3077 298 3145 lesius
320 3079 564 3163 (Norimbergae
581 3081 673 3159 1776,
692 3082 768 3163 post
779 3076 1005 3162 Aristophanis
1018 3076 1162 3163 Plutum)
1184 3078 1239 3163 qui
1252 3077 1320 3163 pln-

199 3189 298 3255 rimas
311 3189 466 3273 Lennepii
487 3188 686 3255 coniecturas
706 3188 739 3253 in
761 3192 852 3255 textu
873 3188 1014 3269 retinnit,
1036 3192 1070 3257 et
1083 3209 1148 3270 eas,
1170 3209 1251 3274 quas
1271 3208 1321 3257 re·

199 3301 308 3385 eipere
327 3321 425 3366 ausus
438 3320 503 3366 non
517 3302 575 3380 011,
590 3299 623 3364 in
636 3300 721 3366 notis
734 3298 887 3367 laudavit.
901 3337 944 3349 -
958 3300 1101 3385 Denique
1115 3338 1158 3350 -
1172 3300 1321 3385 quoniam

198 3431 280 3497 quae
301 3411 478 3476 Immanuel
505 3409 538 3476 in
567 3409 920 3476 »Animadversionibus
951 3409 996 3477 ad
1023 3409 1163 3476 Oolluthi
1191 3429 1321 3478 oarmsn

196 3542 270 3589 oum
298 3522 473 3606 specimine
502 3519 656 3587 versionis
677 3520 897 3604 gomanicae«
923 3519 1116 3605 (Hamburg.
1142 3521 1320 3589 1101111

196 3634 284 3717 pag.)
307 3632 351 3698 ad
366 3631 549 3700 Colluthum
564 3629 797 3697 emendandum
812 3629 984 3697 contulerit
997 3649 1101 3716 neque
1114 3630 1195 3696 mihi
1214 3651 1322 3716 neque

198 3740 331 3825 reliquis
346 3747 422 3809 ante
432 3762 484 3807 me
499 3740 674 3809 editoribus
684 3740 900 3818 innotuerunt,
914 3777 956 3790 -
970 3760 1086 3807 novam
1099 3740 1185 3807 viam
1198 3741 1319 3826 primus

196 3852 383 3936 ingressisse
409 3852 586 3920 eradendus
614 3856 664 3919 est
688 3851 780 3917 Imm.
801 3850 929 3917 Bekker
956 3850 1074 3938 (Berol
1103 3852 1211 3936 1816).
1258 3850 1320 3919 Hie

198 3962 282 4030 enim
304 3967 475 4047 praeterea
488 3963 576 4047 quod
591 3962 787 4030 deteriorum
808 3960 952 4029 oodioum
964 3960 1117 4029 lectiones
1133 3961 1319 4047 eLennepii

198 4072 338 4140 editione
353 4071 627 4155 neglegentissime
642 4076 810 4158 exoerptas
831 4075 865 4139 et
879 4070 996 4139 oodieis
1010 4070 1324 4147 (10111111001101101,

199 4183 399 4253 aPassovvio
415 4182 521 4267 primo
536 4182 694 4252 indicatas
707 4182 741 4249 in
756 4202 848 4249 suam
863 4181 1036 4250 editionem
1049 4181 1180 4267 recepit,
1194 4185 1320 4247 textum
