3210 4836
653 413 862 477 ...39..

196 604 298 673 non,
320 566 456 676 reato,
477 599 561 659 reae
581 602 679 673 nso,
706 563 871 673 ἔασὲἀνν,
896 595 983 658 ἕσσεν
997 599 1038 671 ν,
1064 595 1149 656 ἐᾶσαι
1170 597 1225 657 cn
1239 596 1321 670 [en]

198 697 262 754 edd.
278 703 344 755 aute
355 696 480 754 Bekker.
496 727 532 737 -
547 693 591 753 40
604 694 712 772 χειρῶν
727 692 839 768 αλέγιζε
849 694 895 765 Μ;
914 691 1056 768 εμπόζετο
1066 692 1100 750 Μ
1115 700 1144 762 1;
1161 723 1195 731 -···
1211 689 1249 748 41
1263 687 1321 768 ᾖδ’

197 811 251 862 τρο,
273 784 319 867 ἧδ’
334 797 366 847 ut
379 789 494 849 videtur
507 789 539 845 M
554 796 571 846 2
586 804 621 845 ex
634 784 690 865 ἠδ’,
711 783 758 864 ἧδ’
773 787 809 858 Ρ,
830 784 877 864 ηδ’
893 789 954 845 rell.
969 786 1060 855 oodd.¹
1067 791 1098 843 et
1117 784 1197 854 edd.;
1214 780 1322 860 βησσή-

197 902 280 947 εντος
305 883 337 940 Μ
360 890 384 940 1.
410 879 472 958 ποιη’
499 882 705 955 suprascripsit
728 880 761 938 M
782 888 807 938 2.
833 877 979 957 ποιήεντος
1002 880 1065 938 rell.
1092 878 1175 937 codd.
1202 884 1232 935 et
1256 876 1321 961 edd.

197 983 314 1050 praeter
332 975 458 1035 Bekker.
480 982 510 1033 et
530 975 641 1046 Lehrs.‚
661 976 711 1046 qui
727 971 907 1050 βησσήεντος
926 976 1080 1048 probatum
1102 974 1189 1031 etiam
1210 971 1322 1030 censori

146 1130 149 1137 A
197 1069 390 1141 Gottingensi,
409 1067 485 1139 quod
499 1068 592 1125 Lehrs
606 1070 775 1140 tamen'per
796 1068 917 1127 herbido
940 1069 1035 1141 vertit,
1057 1084 1092 1125 ex
1111 1068 1144 1125 M
1161 1076 1184 1127 1.
1205 1083 1322 1139 recepe·

196 1171 270 1221 runt.
317 1163 395 1221 Idem
423 1179 476 1234 ego
496 1163 617 1233 retinui,
643 1163 712 1220 licet
732 1158 835 1238 νοροᾶς
857 1159 933 1218 κατὰ
952 1159 1100 1238 ποιηεντας
1119 1164 1149 1218 in
1168 1162 1273 1233 hymno
1293 1161 1321 1216 in

198 1258 341 1315 Venerem
354 1274 378 1313 ν.
395 1258 430 1315 78
448 1263 478 1314 et
497 1257 602 1314 similia
621 1257 691 1315 alibi
711 1258 854 1328 legantur.
871 1289 903 1298 --
929 1252 983 1313 ἄπο
998 1253 1179 1334 πλάγχᾶεἴσα
1193 1256 1232 1324 Μ,
1255 1253 1323 1310 ἄπο·

196 1347 360 1428 πλαχᾶεἴσα
381 1349 412 1420 G,
433 1347 649 1426 ἄποπλαχθεῖσε
671 1351 703 1420 L,
724 1349 980 1428 ἀποπλαγχθεῖσα
1000 1349 1040 1420 (33
1065 1382 1094 1390 —
1118 1346 1162 1408 42
1183 1344 1323 1424 ἐριμαῖνη·

198 1463 240 1500 σιν
262 1443 301 1515 G3
321 1439 353 1500 ἐν
366 1443 408 1515 M,
429 1440 470 1500 ἐνι
491 1444 562 1514 0Q3
583 1442 743 1522 ξυλόχοισιν
764 1462 799 1502 ex
820 1442 981 1522 ξολοχοῒσιν
1001 1445 1034 1500 Μ
1048 1451 1084 1513 2.,
1106 1439 1268 1519 ξηλόχοισιν
1287 1440 1322 1511 L,

197 1534 343 1614 ξυλόχοισι
355 1536 393 1608 03
407 1568 437 1577 -
455 1534 568 1594 diderat
579 1553 615 1595 ex
625 1535 728 1594 ἀλᾶται
737 1538 770 1594 Μ
782 1546 817 1609 2.,
832 1535 935 1593 ἀλᾶται
944 1537 1006 1603 Po,
1020 1535 1122 1592 diciret
1132 1538 1162 1607 l;
1173 1566 1211 1576 -
1224 1532 1267 1591 43
1279 1528 1321 1589 ἐλ.

198 1647 233 1687 ex
246 1628 285 1687 ελ.
302 1629 334 1686 Μ
349 1638 385 1701 2.,
405 1625 521 1707 ἐλατῆρι
536 1630 602 1701 OP;
621 1662 655 1671 -
677 1629 720 1687 44
731 1628 916 1707 ssepon'ioeoe
931 1629 966 1701 (λ,
982 1663 1019 1672 -
1038 1627 1079 1687 45
1100 1626 1201 1692 δαῖτας
1218 1627 1321 1699 LNQ3

197 1772 343 1849 φασιν,
358 1738 446 1851 opt}
458 1776 530 1845 na,
544 1773 645 1850 ορνεσ
657 1776 695 1847 <c
709 1807 748 1816 -
767 1773 810 1832 ιο
824 1772 962 1838 νόνναις
975 1772 1003 1829 o·
1020 1774 1058 1845 m
1078 1768 1207 1836 αισι-νος
1221 1771 1321 1842 ouo3

197 1866 411 1943 ἄποκλεισμοῖσι
423 1868 465 1940 Μ,
486 1866 586 1924 ἄποκλ.
601 1869 749 1941 NPQW3
776 1902 809 1909 -
837 1866 879 1937 47
899 1887 998 1924 ιστατο
1018 1867 1065 1938 Μ;
1091 1866 1261 1942 παλινορσος
1274 1865 1306 1922 Μ
1313 1883 1322 1937 3

198 1959 319 2037 εφέζετο
331 1961 373 2034 Μ,
388 1958 512 2036 ἐφέσετο
523 1962 564 2033 Β;
578 1981 660 2038 γαιης
670 1963 710 2034 Μ,
725 1960 805 2041 γαίης
815 1962 854 2032 L;
916 1961 957 2019 48
973 1957 1032 2017 οὐδ’
1042 1957 1169 2024 ακόλπος
1180 1956 1270 2036 αραξε
1280 1958 1321 2031 Μ,

197 2051 266 2110 οὐδέ
294 2074 327 2111 τε
358 2054 462 2111 κόλπον
492 2050 577 2132 ἔρυξε
606 2057 668 2113 rell.
695 2056 778 2113 codd.
805 2062 835 2113 et
865 2055 930 2113 edd.
963 2062 1031 2112 ante
1063 2052 1242 2124 Bekkerum‚
1273 2052 1322 2124 qui

198 2150 305 2220 primus
326 2149 468 2221 Leuuepii
495 2149 690 2207 coniecturam
716 2146 804 2223 εὐρέα
829 2147 933 2204 κόλπον
960 2148 1072 2220 recepit
1097 2152 1126 2205 et
1151 2147 1270 2217 insuper
1288 2145 1322 2203 M

197 2242 263 2299 libri
290 2243 462 2314 scripturam
488 2239 579 2317 ἄραξε
603 2243 731 2299 retinuit.
779 2243 937 2300 Praeterea
961 2259 1132 2317 εφρασσατο
1151 2258 1254 2315 πετρην
1274 2238 1320 2311 Μ;

197 2331 348 2410 ἐφράσατο
368 2335 474 2407 PSW,
500 2331 533 2391 οό
553 2335 706 2412 φράσσατο
732 2335 762 2394 C.
803 2336 861 2393 Sed
885 2337 942 2393 iam
968 2335 1117 2393 audiamus
1143 2335 1258 2394 criticos
1283 2330 1321 2390 de

196 2444 240 2484 vv.
259 2430 295 2486 47
306 2461 336 2468 --
345 2435 382 2486 48
402 2429 602 2487 vexatissimis.
649 2429 799 2488 Brodaeus
824 2431 910 2507 χεῖρα
935 2427 969 2486 δὲ
996 2427 1076 2505 γαίης
1100 2424 1174 2485 θύδέ
1197 2445 1231 2482 τε
1255 2423 1320 2482 κόλ-

196 2540 247 2576 πον
267 2515 353 2595 ἔραξε
376 2522 511 2596 coniecit,
536 2523 677 2596 probante
701 2523 838 2581 Neandro
863 2523 905 2592 (in
930 2524 1010 2581 ouius
1036 2522 1171 2580 editionis
1191 2520 1321 2592 margine

197 2622 293 2672 tomen
317 2614 422 2671 κόλπον
443 2617 671 2687 commendatur)
693 2623 722 2674 et
735 2617 838 2676 Ubelo.
868 2617 987 2675 Vossius
1008 2617 1037 2673 in
1057 2614 1194 2674 Obserrv.
1214 2614 1252 2672 ad
1267 2613 1321 2672 Ga-

197 2709 312 2780 tullum‚
343 2708 470 2781 Epithel.
495 2710 556 2767 Pel.
579 2716 609 2768 et
627 2710 710 2768 Thet.
731 2728 756 2767 v.
777 2717 842 2782 258,
862 2727 890 2782 p.
906 2717 960 2768 223
981 2710 1067 2767 mire:
1096 2706 1172 2786 χειρὶ
1197 2705 1230 2764 δὲ
1257 2705 1321 2784 λαιῇ

191 2796 274 2857 Ὅνᾶε
294 2820 328 2857 τε
348 2799 467 2858 κόλλοπ’
487 2797 574 2878 ἔρυξε
594 2801 642 2858 καὶ
662 2799 694 2879 ἣν
715 2800 905 2879 ἐφοράσσατο
924 2800 1040 2878 πέτρην,
1066 2801 1110 2858 vel
1131 2799 1179 2857 καλ
1200 2796 1230 2856 ἄν
1251 2795 1321 2875 ἐφο-

195 2893 329 2967 ρόσσατο
355 2892 466 2970 πέτρον.
506 2895 675 2954 Dorvillius:
703 2894 781 2974 χειρὶ
807 2894 841 2952 δὲ
867 2895 948 2972 γαίης
977 2889 1071 2958 θῦδας
1101 2890 1203 2949 πολλὸν
1233 2889 1320 2968 όροξε

198 2985 248 3042 καλ
268 2981 322 3044 oen
345 2984 517 3064 ἐφράσσατο
536 2987 639 3064 πέτρην
660 2990 765 3048 colluto
779 2989 905 3047 Homero
924 2987 958 3045 Il.
972 2987 1000 3045 X
1021 2994 1076 3045 563
1097 2984 1199 3059 (πολλὰ
1219 2983 1253 3042 δὲ
1273 2984 1321 3041 καλ

198 3083 277 3155 γαῖαν
291 3079 477 3158 πολυφόρβην
489 3080 590 3159 χερσὶν
611 3081 694 3138 ἀλοία
708 3077 899 3158 Κικλησιιουσ’
917 3076 997 3157 Ἀΐδην
1018 3079 1066 3136 καλ
1086 3076 1199 3157 ἐπαινὴν
1214 3075 1321 3156 Περσε-

197 3170 315 3247 φόνειαν
336 3182 366 3232 et
388 3175 483 3245 Quint.
505 3176 562 3233 Sm.
581 3176 624 3233 XI
644 3180 692 3247 23)
717 3176 762 3234 vel
783 3171 875 3252 ἄραξε
894 3193 946 3248 pro
967 3172 1053 3252 ἄραξε
1078 3175 1184 3233 collato
1204 3174 1321 3247 Orpheo

197 3269 267 3339 ΑΓΒ.
283 3274 339 3326 439
363 3263 464 3338 (οὖδας
478 3264 505 3324 δ’
523 3263 626 3344 ἧραξεν
646 3267 769 3347 ἄπλῇσι).
801 3270 966 3342 Lenuepius
985 3265 1063 3346 χειρὶ
1082 3265 1116 3325 δὲ
1135 3268 1216 3344 γαίης
1233 3264 1321 3342 εὐρέα

198 3357 303 3416 κόλπον
323 3355 415 3435 ἄραξε
438 3360 659 3434 commendavit,
686 3363 762 3433 qnod
789 3364 875 3420 etiem
896 3363 987 3420 lulien
1013 3362 1137 3434 recepit,
1163 3362 1212 3432 qui
1236 3376 1321 3432 prce-

197 3461 281 3512 rerea
300 3459 381 3511 recte
410 3453 583 3527 improbavit
607 3461 736 3512 veterum
761 3456 952 3527 interpretum
976 3455 1162 3522 sententiam,
1189 3454 1320 3526 lapillum

199 3544 330 3604 flammae
358 3547 561 3605 attendendae
586 3564 674 3605 causa
699 3549 727 3604 iu
749 3556 846 3606 terroe
867 3548 1023 3607 visceribus
1043 3546 1151 3606 frustra
1172 3547 1208 3605 ab
1229 3546 1320 3605 Eride

197 3641 358 3710 quaesitum
377 3657 441 3699 esse
455 3641 510 3700 sibi
524 3642 767 3714 persuadentium.
798 3643 870 3700 Tum
885 3640 1015 3700 Graefius
1029 3659 1058 3714 p.
1073 3647 1137 3700 244.
1162 3640 1320 3714 »Lennepii

198 3733 393 3792 coniecturam
406 3733 499 3792 edidit
509 3734 668 3803 Bekkerus,
684 3752 741 3793 nou
752 3736 794 3793 ita
808 3741 925 3793 certem.
954 3735 980 3793 E
992 3735 1055 3794 cod.
1067 3735 1107 3792 M.
1118 3730 1183 3791 οὐδ’
1193 3733 1321 3798 άκόλπος

198 3823 244 3901 ἄρ.
260 3827 387 3899 exsculpi
401 3834 500 3900 posset
514 3829 617 3886 iisdem
636 3845 729 3902 poene
749 3830 841 3887 literis
862 3822 951 3893 οὖδας
971 3824 1094 3892 ἄνοπλος
1114 3825 1205 3904 ἄφαξε
1219 3847 1246 3884 κ.
1261 3828 1286 3886 si
1298 3825 1318 3885 f.
1404 3886 1411 3903 ,

197 3917 275 3977 facili
290 3936 393 3979 errore
407 3921 546 3994 scriptum
561 3920 698 3994 ἄνόλπος;
719 3923 771 3980 sed
784 3924 894 3981 numeri
906 3923 947 3981 sie
957 3928 1190 3995 corrumpuntur:
1208 3951 1227 3976 o
1243 3969 1262 3979 -
1278 3950 1297 3976 o
1312 3922 1317 3993 Ι

196 4042 214 4066 o
230 4061 249 4071 -
268 4043 286 4066 o
307 4018 311 4085 l
335 4030 429 4085 neque
449 4016 542 4073 simile
568 4015 637 4087 quid
664 4015 734 4074 olibi
754 4016 910 4090 Tryphiod.
937 4021 988 4074 aut
1009 4015 1147 4075 coluthus
1173 4015 1320 4074 commise-

196 4113 272 4163 runt.
312 4105 430 4179 Itaque,
456 4108 575 4179 reliquls
603 4108 692 4167 Oodd.
713 4109 900 4182 comparatis,
926 4111 1086 4183 proximum
1112 4108 1213 4167 fuerit:
1243 4101 1326 4164 οὔδει·
