3208 4848
743 370 955 433 ..gp-

279 553 375 630 μένων
399 551 530 631 ἐρετάων
555 555 722 617 dubitanter
747 557 815 616 olim
835 557 958 616 coniecit
977 556 1098 629 Lennep
1124 556 1230 616 collato
1259 554 1414 628 Apollonio

280 646 395 706 Rhodio
415 647 444 705 11
465 654 520 707 555
535 664 612 720 sqq.:
638 643 746 725 Δινηεις
766 646 791 704 δ’
813 646 970 724 ὑπένερθεν
990 643 1204 713 ἀνακλύζεσκεν
1230 645 1327 705 ἰοῦσαν
1349 646 1412 727 Νῆα

271 737 366 816 ρέος,
395 738 498 798 πολλὸν
524 739 558 799 δέ
583 738 671 817 φόβῳ
695 738 865 817 προτέρωσε
890 739 997 798 νέοντο.
1033 733 1101 817 Ἤδη
1129 737 1165 797 δέ
1193 759 1276 816 σφισι
1306 740 1414 807 δοῦπος

281 830 538 908 ἀρασσομένων
563 832 725 910 πετράων
751 832 887 909 Νωλεμές
911 826 994 890 οὔατ’
1019 828 1138 907 ἔβαλλε,
1163 832 1245 908 βόων
1266 832 1292 891 δ’
1314 833 1413 910 ἁλιμυ·

152 962 155 969 ,
278 921 350 1002 ρέες
369 922 464 984 ἀκταί.
489 925 705 1003 Ἔρεσσομένων
724 943 777 1000 pro
798 923 980 1003 ἐρεσσόντων
993 928 1089 1000 posito
1112 927 1237 987 offensus
1262 943 1317 1000 ego
1343 928 1412 987 olim

282 1014 473 1096 ἐπειγομένων
492 1022 611 1094 conieci,
632 1021 685 1080 sed
704 1039 780 1080 nunc
798 1023 948 1094 vulgatum
967 1021 1083 1094 retinui,
1106 1021 1193 1080 etiam
1208 1021 1277 1092 quia
1290 1017 1413 1096 ἐρεσσο-

278 1108 375 1186 μένων
399 1108 545 1189 ἐρετμῶν,
571 1115 671 1174 similis
692 1115 814 1186 locutio,
841 1115 956 1187 passivo
979 1114 1049 1172 licet
1074 1128 1176 1184 sensu,
1201 1111 1278 1171 infra
1303 1130 1330 1171 v.
1354 1119 1409 1172 229

281 1206 416 1264 occurrit.
438 1237 475 1248 —
496 1205 552 1266 211
573 1227 670 1285 τοφρα
689 1206 724 1264 δε
742 1207 789 1280 Μ,
810 1205 907 1283 τόφρα
927 1209 994 1277 (om.
1016 1205 1061 1276 δέ)
1084 1208 1122 1278 Q,
1142 1204 1241 1283 τόφρα
1263 1205 1311 1264 καὶ
1333 1207 1359 1266 G
1381 1210 1412 1264 et

282 1298 349 1358 edd.
363 1305 431 1358 ante
444 1300 585 1374 Lennep.,
606 1303 656 1373 qui
668 1301 846 1372 reliquorum
865 1300 995 1360 codicum
1014 1301 1169 1360 lectionem
1190 1299 1287 1377 τόφρα
1308 1298 1343 1358 δὲ
1363 1316 1409 1358 re-

282 1394 368 1466 cepit.
399 1390 552 1468 δαρδάνιον
565 1394 599 1468 V,
620 1392 795 1472 δαρδανίδην
809 1394 851 1467 Μ,
871 1394 948 1452 unde
962 1392 1121 1471 Δαρδανίην
1141 1393 1325 1452 scribendum
1345 1409 1411 1452 esse

282 1486 355 1548 uidit
375 1486 534 1546 Schneider
554 1504 582 1560 p.
597 1495 663 1558 426,
685 1489 795 1547 collato
815 1505 841 1546 v.
863 1494 936 1560 390,
956 1488 1007 1546 ubi
1026 1487 1059 1546 Μ
1078 1487 1148 1546 item
1169 1485 1342 1564 δαρδανίδης
1361 1503 1415 1560 pro

283 1578 444 1657 Δαρδανίης
464 1579 590 1639 exhibet.
622 1579 780 1658 Δαρδάνων
800 1582 864 1643 σεδ.
886 1582 969 1645 codd.
991 1587 1021 1641 et
1041 1581 1108 1640 edd.
1129 1597 1227 1641 omnes
1248 1581 1317 1652 (nisi
1336 1579 1414 1652 quod

282 1672 436 1749 δάρδανιον
461 1675 504 1744 5).
547 1671 704 1751 Δαρδανίην
730 1675 864 1747 probavit
891 1677 978 1733 etiarn
1005 1674 1117 1734 Tiedke
1147 1676 1178 1732 in
1203 1675 1312 1733 Herma
1335 1674 1415 1748 XIII,

282 1784 312 1840 p.
327 1767 393 1838 273,
414 1781 478 1824 cum
494 1764 643 1825 colluthus
657 1767 791 1826 Nonnum
805 1771 923 1826 secutus
944 1769 1072 1841 ahoquin
1091 1773 1326 1842 proparoxytuna
1347 1772 1415 1826 ante

282 1872 434 1919 caesuram
453 1859 534 1917 tertii
553 1858 637 1931 pedis
658 1860 847 1918 masculinam
869 1877 977 1933 ponere
997 1862 1114 1920 nonsit
1134 1862 1246 1920 solitus.
1268 1894 1303 1904 -
1325 1857 1414 1925 οίιδάς

281 1951 408 2028 ἀμείβων
421 1950 468 2022 Μ;
493 1983 525 1992 -
547 1947 609 2008 212
630 1950 801 2026 ὶδαμαοιδος
821 1953 868 2024 Μ;
888 1952 1045 2028 παραπλόω
1060 1954 1102 2025 Μ,
1121 1952 1295 2029 παραπλόων
1317 1955 1356 2026 Q,
1377 1985 1415 1996 -

283 2042 342 2102 218
363 2041 397 2101 δε
416 2044 463 2115 Μ,
483 2042 624 2132 δρηικίοω
641 2045 687 2118 Μ,
709 2045 797 2104 sed'
782 2067 791 2103 ι
808 2063 847 2134 ex
868 2063 952 2115 corr,
974 2044 1159 2122 δρηκίοιοΔ,
1180 2046 1322 2125 δρηῖκϊοῖο
1343 2046 1416 2120 SW,

284 2169 416 2248 δρηῑκοΐο
441 2170 509 2242 PV,
537 2168 668 2247 δρηκίοιο
694 2172 764 2243 (scd
790 2194 807 2250 η
833 2191 851 2233 a
877 2190 913 2232 m
934 2181 960 2230 2.
987 2189 1022 2230 ex
1047 2189 1121 2232 corr
1128 2175 1199 2248 lQ,
1226 2174 1358 2253 δρηΐκοιο
1383 2175 1435 2247 G,

287 2294 479 2375 δρηϊκίουΝ,
505 2295 752 2375 δρηΐκιονΒμ
770 2296 919 2375 μετούρεα
937 2299 971 2356 Μ
977 2300 1146 2379 ,μετάρρια
1167 2299 1296 2371 GPQW
1315 2320 1334 2356 ω
1339 2320 1417 2376 ,με-

288 2423 392 2501 ταρρία
405 2423 528 2483 ALNR
534 2422 764 2500 ,perdppotaV,
775 2391 982 2503 μετάῤῥοιαθ,
994 2426 1211 2505 μετάῤῥισιαίι,
1222 2425 1416 2503 μετάρσιαθ,

287 2523 321 2574 ut
340 2517 493 2575 uoluerunt
508 2517 685 2591 Anonymus,
707 2519 867 2592 Brodaeus,
887 2520 1025 2579 Neander
1045 2523 1087 2592 (in
1107 2524 1221 2593 marg),
1242 2521 1417 2594 Stephanus,

289 2626 360 2681 quos
381 2610 557 2681 vituperavit
576 2609 750 2682 Dorvillius‚
775 2611 901 2671 Aldince
926 2613 1062 2673 editionis
1086 2615 1241 2673 lectionem
1263 2612 1419 2691 μεταδρία,

290 2701 368 2774 quod
388 2708 518 2761 veterum
537 2719 618 2762 more
637 2720 691 2776 pro
713 2704 789 2780 μετὰ
806 2704 858 2782 ρία
883 2707 1022 2780 scriptum
1042 2707 1179 2780 putabat,
1205 2709 1417 2767 commendans.

289 2796 330 2854 Et
354 2794 510 2855 obsecutus
536 2802 581 2854 est
600 2796 729 2869 Lennep.
768 2796 845 2872 μετὰ
866 2796 960 2875 plora
979 2798 1103 2859 Lehrsio
1129 2816 1244 2872 quoque
1267 2807 1419 2875 receptum

291 2889 382 2949 tacite
403 2888 496 2948 edidit
514 2888 646 2962 Bekker,
671 2889 813 2963 probante
833 2891 863 2948 in
887 2892 963 2951 notis
983 2892 1109 2966 Iuliano,
1136 2895 1185 2965 qui
1204 2895 1235 2951 in
1253 2899 1337 2953 textu
1353 2897 1417 2971 μετ’

290 2975 381 3058 οὔρεα
401 2982 599 3040 ediderat-
620 2980 682 3041 214
702 2979 839 3059 φύλλιδος
857 2985 904 3056 Μ;
925 2982 1080 3042 ἀντέλοντα
1092 2986 1139 3057 Μ;
1161 2987 1306 3047 »Brodaei
1325 2989 1418 3048 conie-

292 3083 404 3135 cturam
425 3073 606 3133 ἀνδάλλοντα
620 3077 810 3150 emendantis,
831 3078 908 3149 quod
922 3078 959 3136 de
973 3080 1108 3152 sepulcro
1122 3080 1263 3153 Phyllidis
1278 3082 1308 3139 in
1321 3099 1419 3155 amyg-

293 3170 392 3230 dalum
406 3184 509 3227 versae
522 3169 714 3243 intelligebat,
735 3176 849 3230 acutam
863 3172 956 3243 magis
970 3188 1056 3243 quam
1069 3189 1168 3233 veram
1182 3181 1262 3247 puto.
1292 3177 1418 3235 Notissi-

291 3277 368 3321 mum
388 3262 507 3321 verbum
527 3255 699 3334 ἀνατέλλειν,
720 3258 882 3335 ἐπιτέλλειν,
904 3259 1085 3343 ἀνέρχεσθαι
1105 3267 1142 3325 de
1157 3268 1214 3326 illis
1228 3269 1324 3340 rebus,
1346 3284 1418 3339 quas

294 3355 405 3415 eminus
430 3370 574 3427 apparere
600 3362 629 3413 et
655 3356 761 3413 sensim
781 3356 944 3428 sensimque
969 3361 1052 3430 quasi
1071 3360 1142 3419 oriri
1161 3359 1304 3433 videmus,
1330 3375 1420 3433 saepe

294 3447 373 3522 apud
386 3448 544 3506 Homerum
558 3450 688 3520 aliosque
700 3451 840 3522 reperies.
860 3450 929 3523 Ipse
943 3451 1082 3511 Goluthus
1097 3469 1163 3512 mox
1176 3470 1202 3510 v.
1215 3459 1280 3511 215.
1295 3471 1322 3511 v.
1334 3454 1418 3512 tlt«

292 3541 446 3614 Lennep.
467 3537 549 3618 φιλην
563 3539 634 3617 ὅρος
646 3542 688 3613 Μ,
709 3540 862 3618 φιλήνορος
880 3545 944 3601 rell.
966 3545 1050 3604 codd.
1072 3551 1102 3604 et
1122 3545 1198 3615 edd,
1219 3545 1298 3618 quod
1317 3551 1420 3606 contra

292 3633 457 3692 Brodaeum
478 3633 783 3705 Falkenburgiumque
807 3632 963 3712 φιλητορος
986 3639 1108 3697 rescribi
1132 3638 1266 3697 iubentes
1290 3637 1422 3698 defendit

293 3726 493 3798 Dausqueius3
520 3729 550 3783 et
574 3722 703 3801 φιληνωρ
727 3725 804 3783 idem
829 3742 894 3784 esse
919 3743 954 3785 ac
975 3728 1132 3805 φίλανδρος
1156 3730 1270 3803 putavit
1289 3731 1420 3805 Lennep.

295 3852 332 3862 —
347 3816 457 3897 ἐδρακε
469 3819 516 3890 Μ;
531 3851 564 3860 -
583 3816 642 3877 215
663 3818 770 3895 δρορον
790 3820 979 3878 εννεακοκλον
996 3824 1062 3894 (sed
1076 3841 1165 3897 supra
1177 3824 1257 3896 prius
1271 3842 1288 3881 ε
1300 3825 1421 3897 spiritus

296 3928 396 3970 erasus
417 3915 473 3982 est)
492 3911 538 3983 Μ;
559 3910 701 3988 αλημονος
718 3913 764 3985 Μ,
785 3909 946 3988 ἀλκύμονος
960 3917 997 3987 Q3
1018 3914 1078 3976 εἰδὲ
1091 3919 1138 3990 Μ;
1160 3919 1284 3977 »Melius
1300 3917 1423 3978 dixisset

294 4004 409 4077 opinor:
430 4001 479 4059 καί
499 4001 607 4080 δρόμου
628 4000 818 4062 ἐννεάκυκλον
839 4002 981 4083 ἀλήμονος
1000 4006 1060 4066 εἶδε
1079 4009 1237 4069 κέλευδονα
1259 4012 1421 4085 Lennep,

297 4097 379 4156 cuius
400 4098 594 4156 coniecturam
615 4097 651 4156 ab
672 4097 808 4156 Harlesio
829 4114 942 4171 quoque
962 4108 1089 4174 spretam
1113 4103 1218 4162 falsam
1238 4120 1303 4163 esse
1324 4104 1422 4177 arguit
