3210 4836
738 412 951 477 ...60..

282 595 452 672 σταθμοῖσιν
473 595 619 670 ἀείδων,
646 599 692 657 cui
718 599 794 670 quod
812 598 956 658 'substitui
976 597 1001 657 ἐ.
1022 620 1066 661 or.
1089 597 1196 658 iadau
1221 603 1342 662 eandem
1363 603 1410 662 hio

281 688 522 761 significationem
543 690 663 749 verbum
683 678 772 750 habet
792 708 878 763 quam
898 709 923 750 u.
939 700 1004 752 349.
1025 725 1063 736 -
1088 694 1142 752 His
1163 695 1312 768 aptissime
1333 696 1409 755 subi-

280 783 368 854 citur,
394 789 455 841 tum
486 784 615 857 quidem,
641 801 727 856 quum
753 785 875 844 Hermes
900 787 1026 859 veniret,
1052 788 1080 846 in
1105 790 1220 860 pascuis
1246 795 1408 848 versantem

279 874 375 933 Parim
397 877 568 935 cantilenam
594 877 772 935 modulatum
793 894 856 936 esse
875 878 949 936 Pani
971 885 1000 937 et
1019 879 1180 940 Mercurio:

430 1007 517 1071 ἔνθα
537 1010 565 1070 δ’
590 1007 668 1092 ἔχων
690 1009 809 1090 σύριγμα
829 1017 898 1070 κατ’
919 1008 994 1092 ἤθεα
1015 1013 1091 1072 καλὰ
1112 998 1267 1092 νομὲύων

431 1104 500 1164 Πανὶ
522 1106 570 1164 καὶ
585 1107 726 1184 Ἑρμάωνι
746 1107 828 1185 φίλην
848 1107 1023 1184 ἀνεβάλλετο
1041 1108 1158 1187 μολπήν.
1267 1138 1270 1141 ·

278 1232 327 1291 ubi
348 1228 420 1290 ἔνθα
440 1231 475 1291 δέ
494 1236 602 1308 sumpsi
622 1236 802 1309 aLennepio
824 1240 854 1294 et
875 1237 1036 1308 temporale
1052 1253 1117 1295 esse
1131 1243 1210 1310 puto.
1241 1239 1318 1310 quod
1332 1238 1407 1297 enim

277 1326 459 1387 Hermannus
486 1324 589 1384 ἐνθάδ’
622 1330 750 1386 correxit
775 1335 804 1386 et
830 1328 868 1386 ad
893 1329 963 1386 Idae
988 1330 1091 1387 montis
1122 1331 1186 1389 loca
1214 1332 1328 1390 rettulit
1358 1332 1407 1390 ubi

278 1419 360 1481 Paris
376 1420 510 1494 degebat,
531 1420 708 1479 monendum
724 1421 780 1480 duo
801 1420 891 1479 fuisse
912 1422 985 1492 loca,
1007 1428 1037 1481 et
1055 1439 1165 1495 pascua
1186 1430 1216 1482 et
1234 1425 1356 1498 stabula,
1377 1426 1406 1482 in

277 1512 331 1572 hoo
352 1520 447 1572 autem
469 1515 621 1573 verborum
643 1507 781 1574 contextu
802 1511 909 1572 ἐνθάδε
929 1517 977 1573 vix
998 1516 1053 1574 alio
1079 1523 1166 1588 atque
1192 1516 1230 1574 ad
1257 1514 1407 1594 οταδμούς
1456 1595 1458 1599 Ι

277 1623 302 1664 ν.
320 1614 373 1664 112
394 1605 497 1676 referri
517 1625 617 1680 posse,
645 1608 722 1680 qnod
747 1607 810 1666 iieri
836 1617 993 1682 propterea
1018 1610 1132 1681 nequit,
1160 1611 1293 1681 quoniam
1319 1628 1407 1683 quum

277 1700 398 1757 Hermes
419 1701 566 1772 veniebat,
594 1718 650 1761 non
671 1703 700 1759 in
726 1702 863 1773 stabulis,
891 1701 942 1759 sed
970 1702 999 1759 in
1024 1702 1140 1775 pascuis
1161 1703 1244 1761 Paris
1271 1708 1348 1775 erat,
1373 1710 1406 1762 ut
1514 1737 1517 1742 ·
1601 1694 1602 1771 ff

276 1797 393 1866 praeter
414 1810 439 1849 v.
457 1801 510 1852 102
523 1810 569 1879 sq.¹
585 1794 614 1852 in
634 1795 688 1852 hoc
708 1795 776 1867 ipso
792 1811 877 1852 versu
891 1797 1017 1867 positum
1032 1795 1117 1853 docet
1131 1813 1233 1855 nomen
1246 1790 1322 1874 ἧδεα
1342 1797 1405 1870 (cfr.

276 1885 359 1944 Hom.
380 1886 412 1943 Il.
435 1894 465 1958 6,
490 1895 543 1946 511
567 1893 598 1945 et
620 1895 670 1960 15,
698 1892 779 1959 268),
806 1889 875 1946 item
896 1890 1081 1961 participium
1107 1887 1242 1966 νομεύων.
1268 1891 1311 1948 ita
1331 1893 1429 1958 enim¹

277 1967 378 2053 aperte
408 1981 590 2038 scribendum
618 1997 682 2039 esse
708 1997 760 2053 pro
787 1979 926 2058 νομήωνι.
968 1982 1050 2040 Haec
1075 1984 1187 2041 acutius
1212 1984 1299 2041 credo
1320 2001 1404 2063 quam

275 2075 371 2132 verius
393 2074 565 2146 Schneider,
591 2091 627 2132 ex
652 2075 732 2132 ouius
761 2075 933 2133 coniecturis
970 2073 1104 2132 ἀπέκειτο
1127 2079 1252 2147 (ullu)
1279 2083 1308 2136 et
1333 2072 1405 2134 ἔνθα

275 2162 306 2224 δ’
320 2163 397 2246 ἔχων
419 2174 456 2239 (ν.
475 2177 539 2241 115)
561 2170 669 2242 recepi.
700 2168 745 2226 De
766 2169 886 2240 reliquis
908 2169 998 2226 aliter
1018 2171 1120 2242 sentio,
1142 2187 1205 2227 cum
1225 2176 1313 2243 poeta
1332 2171 1404 2230 haec

278 2264 402 2321 voluisse
416 2264 485 2320 mihi
501 2263 646 2321 videatur:
682 2262 850 2319 »Pastorale
864 2268 959 2319 autem
974 2262 1080 2334 pedum
1095 2263 1206 2336 aberat,
1227 2265 1295 2335 quia
1315 2280 1402 2337 saepe

275 2357 304 2412 in
325 2362 436 2413 antrum
459 2363 571 2414 suetum
599 2354 760 2428 procedens
787 2353 883 2412 fistula
909 2371 1013 2413 canere
1040 2356 1167 2428 solebat,
1193 2373 1281 2429 saepe
1307 2364 1403 2416 autem

275 2450 303 2506 iu
324 2451 439 2521 pascuis
461 2467 569 2508 canens
589 2450 699 2507 nullam
720 2450 816 2521 gregis
838 2465 936 2506 euram
956 2449 1111 2508 habebat«.
1153 2451 1234 2523 Quae
1253 2452 1323 2510 licet
1346 2469 1403 2511 non

274 2543 357 2600 nimis
369 2544 516 2615 elegantia
526 2545 592 2615 sint,
608 2551 704 2601 tamen
714 2543 811 2601 nescio
823 2559 878 2614 quo
894 2543 978 2602 modo
991 2544 1053 2602 iure
1064 2544 1223 2617 vituperari
1234 2546 1353 2618 possint.
1370 2579 1398 2586 —-

274 2631 406 2692 ἐπέκειτο
428 2636 582 2707 (postibus
603 2634 726 2692 adfixum
752 2637 843 2704 erat't
871 2634 948 2706 quod
967 2635 1109 2694 Teurnier
1129 2653 1156 2707 p.
1173 2644 1208 2694 23
1229 2637 1353 2694 coniecit
1374 2642 1403 2695 et

274 2733 406 2802 sequenti
421 2731 607 2804 descriptioni
629 2730 695 2788 inde
717 2748 734 2789 a
755 2732 833 2795 τοῖος
857 2731 960 2788 melius
982 2729 1134 2788 convenire
1157 2729 1236 2800 dixit,
1258 2745 1322 2789 cum
1336 2729 1402 2786 Mu-

274 2825 377 2883 tinensi
398 2825 542 2897 scriptura
556 2842 573 2882 a
588 2824 733 2896 plerisque
758 2824 881 2896 probata
902 2826 980 2887 τοῖος
1000 2817 1077 2878 ἐπεὶ
1096 2823 1188 2879 minus
1209 2828 1278 2894 apte
1297 2823 1401 2881 sociari

272 2936 358 2993 posse
384 2919 453 2976 mihi
480 2916 603 2975 videtur.
629 2949 667 2959 -
694 2916 777 2989 Quod
804 2924 899 2973 autem
926 2915 963 2974 ad
990 2910 1055 2970 κατ’
1084 2908 1158 2990 vitea
1185 2914 1260 2972 καλὰ
1291 2913 1401 2994 νομήων

273 3014 385 3082 attinet,
407 3019 487 3069 recte
501 3012 573 3069 haec
593 3028 611 3070 a
631 3011 753 3069 Lehrsio
775 3009 967 3081 interpretata
988 3023 1052 3066 esse
1073 3006 1220 3081 videntur,
1243 3009 1293 3081 qui
1313 3011 1401 3068 vertit

275 3122 395 3178 »gerens
421 3104 545 3163 fistulam
573 3104 728 3164 secundum
755 3100 977 3161 consuetudines
1003 3102 1139 3174 pulchras
1160 3108 1307 3174 pastorum
1328 3103 1400 3161 Pani

273 3204 303 3258 et
322 3199 468 3257 Mercurio
484 3206 596 3272 gratam
613 3197 753 3258 offerebat
768 3196 969 3254 cantilenam«.
991 3230 1022 3237 -
1049 3194 1103 3255 117
1124 3217 1173 3252 και
1186 3197 1231 3268 Μ;
1249 3194 1399 3274 μυκήσατο

272 3291 396 3369 ταύρους
416 3293 463 3365 M,
483 3289 649 3370 μυκήσαντο
671 3289 771 3365 ταῦροι
791 3288 874 3348 codd.
897 3289 968 3349 dett.
989 3296 1020 3349 et
1041 3290 1105 3349 edd.
1128 3292 1226 3363 alttiq,
1247 3293 1303 3349 nisi
1323 3291 1399 3363 quod

268 3433 433 3514 μηκύσοιντο
449 3439 487 3511 Q3
508 3435 652 3514 reciproci),
674 3404 863 3516 ταῦροιςΝΒς
885 3449 1073 3503 correxerunt
1091 3444 1252 3516 BrodanS,
1275 3445 1398 3503 Falken-

271 3531 344 3604 burg
366 3538 395 3589 et
410 3531 583 3605 Stephanus.
601 3566 632 3574 —
656 3533 711 3593 118
728 3556 835 3613 μούνην
856 3534 882 3594 δ’
908 3538 948 3612 Β;
967 3537 1204 3615 μούνημονύεοσα
1223 3539 1268 3611 Μ;
1287 3537 1398 3614 βοησα-

271 3623 387 3689 δίδατος
407 3626 448 3698 M,
470 3625 546 3684 unde
569 3624 656 3703 βοῆς,
687 3629 716 3685 in
742 3631 818 3701 quod
845 3632 931 3690 etiam
957 3632 1076 3705 Lennep
1104 3631 1260 3702 inciderat,
1289 3633 1397 3706 primus

270 3719 381 3791 recepit
400 3718 531 3792 Bekker,
551 3719 622 3797 ,dopo
648 3723 731 3782 codd.
753 3724 824 3785 dett.
846 3733 876 3785 et
896 3725 962 3785 edd.
984 3733 1052 3785 ante
1078 3725 1252 3788 Bekkerum.
1281 3761 1315 3768 -
1343 3723 1397 3784 119

270 3809 366 3868 ῖδοίων
380 3812 425 3884 Μ;
447 3809 584 3890 ἀντίαχος
604 3810 684 3893 ἴαχεν
703 3817 744 3890 Μ,
766 3818 818 3878 sed
838 3818 871 3875 M
892 3827 909 3877 2
935 3817 1027 3894 dpooc
1046 3821 1165 3893 scripsit
1185 3837 1275 3894 supra
1296 3819 1398 3898 ἴιιχοςι

270 3903 439 3981 ἀντίδρονος
450 3907 488 3977 G3
510 3904 574 3985 ἠχώ
588 3908 660 3980 LN3
678 3941 709 3952 -
733 3909 795 3969 120
811 3913 840 3968 in
854 3909 953 3988 ταῦροι
968 3932 984 3966 ο
999 3928 1034 3970 ex
1048 3932 1064 3968 o
1078 3913 1111 3970 M
1123 3921 1153 3984 13
1174 3912 1208 3970 δε
1222 3915 1268 3986 Μ;
1287 3913 1334 3992 χλ.
1350 3910 1398 3969 καὶ

270 3998 413 4074 κορκύτες
437 3998 533 4077 ύψύδε
559 4003 623 4073 (sed
649 4004 780 4061 ultimum
800 4023 816 4061 ε
836 4006 989 4077 incertum)
1015 4005 1063 4079 M,
1089 4007 1141 4066 sed
1165 4005 1274 4084 ρκύτες
1303 4005 1398 4083 &dode

268 4142 349 4220 colpe
369 4144 498 4201 additum
520 4151 565 4203 est
584 4162 602 4203 a
622 4146 654 4204 M
668 4154 699 4219 33
721 4145 754 4204 δὲ
774 4164 829 4207 om.
850 4149 920 4222 LQ3
944 4114 1134 4226 κεκούικύτες
1149 4151 1185 4223 03
1205 4152 1341 4231 χλωερῆς
1362 4168 1398 4211 ex
