3210 4836
654 412 869 482 ,ηομ

190 615 296 669 teneo:
318 612 349 667 et
368 607 511 681 spiculum
531 605 611 679 agito
632 619 788 676 arcumque
808 602 879 663 tollo
899 594 1062 675 cingulum(
1100 596 1149 660 Sic
1168 603 1250 674 patet
1268 612 1326 661 non

190 721 270 778 opus
297 718 361 761 esse
386 705 420 759 ut
447 698 501 777 μὲν
529 699 637 758 habeat
667 698 841 772 particulam
865 696 1096 771 respondentem.
1142 693 1209 754 Non
1231 694 1327 768 potuit

191 798 273 857 «enim
293 794 394 854 Inierri
416 792 459 863 δέ,
481 795 523 853 sio
544 791 721 852 conformata
735 792 882 851 oratione:
896 790 948 849 sed
962 790 1084 848 deberet
1096 785 1197 847 inferri
1216 788 1241 846 si
1260 805 1326 862 pro·

191 888 501 961 -cedorotcompositio
518 885 670 945 verborum
691 886 743 958 ita,
764 890 797 942 ut
816 884 950 945 instituta
969 888 1045 942 orat:
1066 880 1127 939 ἀντὶ
1149 877 1203 959 μὲν
1222 879 1327 960 αἰχμῆς

199 982 302 1041 κεστὸν
328 977 408 1059 ἔχω,
434 978 496 1037 ἀντί
522 977 556 1037 δὲ
581 975 715 1054 κέντρου,
747 978 796 1035 καλ
821 975 882 1036 ἀντὶ
906 974 1010 1035 τούτου
1036 973 1140 1034 κεστὸν
1164 969 1241 1055 ἔχω·
1265 975 1327 1039 ἀντὶ

191 1075 232 1135 ’δὲ
252 1074 347 1148 τόξου,
368 1071 503 1149 ὁμοίωμα
550 1073 708 1131 Hermanni
736 1073 930 1138 coniecturam
955 1072 1069 1146 recepit
1091 1070 1198 1143 Lehrs,
1222 1070 1327 1145 impro-

194 1171 279 1230 bavit
292 1169 404 1228 Tiedke
424 1170 453 1226 in
467 1168 576 1227 Herma
589 1166 661 1225 XIII
682 1185 710 1239 p.
727 1173 796 1238 352,
816 1168 896 1224 ouius
917 1167 991 1225 haec
1009 1171 1076 1224 sunt
1093 1165 1195 1224 rerba:
1217 1165 1326 1236 »Quem

194 1270 295 1323 autem
309 1264 455 1322 stimulum
469 1277 589 1334 quemve
603 1277 701 1319 arcum
721 1261 820 1319 Venus
834 1261 1007 1333 appellaret,
1020 1260 1076 1318 nisi
1089 1260 1182 1332 ipsum
1197 1259 1326 1317 costum?

193 1373 274 1429 quae
298 1357 414 1429 quidem
439 1357 536 1430 paullo
557 1360 626 1413 ante
645 1355 745 1412 lusum
771 1371 903 1415 amorum
926 1355 1008 1427 qnasi
1032 1355 1145 1413 hastam
1170 1370 1202 1413 se
1223 1370 1326 1427 gerere

198 1451 428 1525 praedicaverat.
464 1449 546 1522 Quod
566 1465 631 1506 oum
650 1453 749 1520 recte,
770 1453 804 1506 ut
823 1448 893 1506 mihi
913 1449 1027 1520 quidem
1041 1449 1165 1519 videtur,
1185 1447 1325 1505 Herman-

199 1563 252 1603 nus
270 1544 476 1618 perspexisset,
497 1542 631 1613 neglecta
652 1543 857 1614 resumptione,
878 1541 967 1601 verba
980 1542 1022 1599 sic
1034 1542 1110 1598 inter
1123 1556 1154 1599 se
1169 1539 1325 1599 cohaerere

200 1639 349 1697 indicavit:
371 1634 432 1693 ἀντλ
443 1632 496 1710 μέν
517 1633 622 1713 αἰχμῆς
633 1666 667 1674 —-
681 1631 785 1690 κεστὸν
799 1629 876 1714 ἔχω·
896 1633 945 1690 καλ
958 1632 1077 1710 κέντρον
1090 1631 1153 1710 dyo}
1173 1630 1221 1689 καλ
1240 1631 1326 1702 τόξον

195 1731 291 1808 dabo
310 1728 431 1800 κεστόν,
454 1745 538 1801 quem
561 1744 720 1787 sermonem
740 1729 842 1787 Nonne
863 1729 982 1801 eiusque
1003 1727 1194 1788 sectatoribus
1213 1734 1325 1788 tanturn

195 1827 367 1899 discrepare
387 1831 465 1897 puto,
487 1828 520 1881 ut
539 1840 597 1880 una
611 1824 712 1881 littera
726 1828 838 1882 mutata
858 1821 963 1880 κεστὸν
982 1819 1042 1899 ἐγὼ
1062 1822 1111 1880 καί
1130 1821 1248 1899 κέντρον
1262 1820 1325 1902 ἄγω

200 1917 250 1975 καλ
274 1916 357 1987 τόξον
381 1915 472 1995 ἀείρω
495 1918 513 1974 i.
538 1933 562 1975 e.
591 1922 703 1975 costum
729 1933 784 1990 ego
805 1923 835 1975 et
859 1922 1004 1989 tamqnam
1030 1918 1175 1976 stimulum
1201 1933 1271 1989 gero
1296 1923 1326 1977 et

199 2028 300 2069 arcum
330 2011 400 2070 tollo
427 2008 491 2080 (cfr.
513 2009 598 2067 Dion.
625 2009 697 2068 XIX
723 2017 778 2069 236
801 2008 880 2088 χειρί
901 2016 953 2089 μιῇ
977 2009 1025 2068 καλ
1050 2010 1151 2068 κίσσαν
1175 2005 1253 2089 ἔχων
1277 2010 1326 2068 καὶ

200 2102 308 2161 θαλλὸν
327 2101 438 2179 ἐλαίης;
458 2101 616 2160 XXXVIII
637 2109 692 2162 286
713 2100 898 2179 ἀμφοτέρους
917 2103 966 2160 καλ
986 2102 1084 2162 Νεῖλον
1108 2101 1181 2180 όμοῦ
1209 2103 1258 2161 καλ
1274 2102 1326 2179 βό-

202 2217 270 2275 τρυν
291 2196 393 2267 ἀέξων.
434 2198 500 2255 Par.
522 2198 549 2255 N
570 2204 607 2256 43
633 2196 712 2274 νίψον
738 2195 813 2266 ἅναξ
830 2197 879 2255 καλ
896 2202 1000 2277 χεξοας
1023 2194 1097 2274 ἐμὰς
1122 2197 1171 2254 καὶ
1195 2195 1327 2254 κυκλόδα

203 2290 319 2370 κόρσην.
361 2292 443 2349 Ρυυλ.
465 2291 514 2349 Sil.
535 2290 637 2349 Descr.
659 2307 695 2352 m.
717 2293 784 2350 eccl.
806 2291 821 2349 Ι
842 2299 897 2351 138
918 2290 1010 2356 δεινός
1030 2289 1112 2368 ἀνήρ,
1139 2290 1187 2348 καλ
1208 2289 1326 2368 κέντρον

201 2383 276 2444 ἑλεῖν
296 2385 344 2443 καλ
365 2386 464 2462 σχῆμα
481 2382 631 2463 χαράξαι).
672 2386 734 2443 Νου
756 2394 854 2444 tamen
873 2402 1038 2460 repugnem,
1058 2387 1083 2445 si
1097 2387 1161 2458 quis
1175 2386 1217 2443 ita
1230 2389 1327 2444 servet

200 2482 439 2553 resumptionem,
464 2488 498 2539 ut
523 2482 636 2539 scribat
662 2479 765 2537 κεστόν
792 2475 856 2560 ἔχω
882 2479 931 2537 καλ
955 2479 1074 2557 κέντρον
1092 2477 1153 2555 ἐγὼ
1174 2477 1223 2535 καλ
1241 2475 1326 2547 τόξον

199 2573 302 2650 ἀείρω,
323 2591 397 2647 quae
418 2575 520 2633 eadem
541 2575 695 2633 verborum
716 2574 868 2634 collocatio
890 2580 935 2633 est
955 2580 1045 2645 atque
1058 2573 1142 2633 Dion.
1163 2573 1276 2632 XXXV
1289 2578 1327 2632 44

204 2665 293 2735 ξεῖνον
313 2662 377 2747 ἔχω
398 2668 447 2726 καλ
467 2666 585 2726 ἄπιστον
606 2665 666 2744 ἐγὼ
685 2665 803 2725 addon«
844 2668 973 2727 Priorem
993 2667 1109 2726 Tiedkii
1128 2668 1325 2727 coniecturam

200 2769 233 2821 ut
252 2764 455 2838 simpliciorem
475 2764 587 2838 recepi3
608 2763 661 2822 sed
680 2769 834 2836 praeterea
854 2780 879 2821 v.
902 2769 940 2821 94
965 2761 1088 2820 fortasse
1114 2758 1169 2837 γὰρ
1196 2777 1249 2834 pro
1272 2758 1326 2837 μὲν

200 2858 382 2916 scribendum
410 2863 463 2916 est.
492 2891 526 2901 -
556 2857 730 2930 corruptum
759 2872 823 2914 esse
847 2853 1001 2935 φιλότητος
1025 2851 1097 2932 ἐμῆς
1120 2850 1326 2931 subvolamus

201 2952 332 3025 plerique
356 2952 452 3011 critici
477 2951 668 3011 consentiunt.
699 2950 795 3021 Atque
814 2945 945 3026 φιλότητι
961 2945 1131 3024 μεμιγμένον
1151 2942 1266 3023 οἶστρον
1279 2948 1326 3006 vel

198 3042 354 3124 φιλότητος
373 3044 503 3124 ὀνήσιμον
518 3041 633 3121 οἶστρον
647 3044 773 3102 coniecit
790 3043 923 3115 Lennep,
946 3036 1017 3119 ἐμῆς
1036 3038 1099 3098 νέον
1119 3037 1232 3117 οἶστρον
1251 3040 1326 3100 Dor·

201 3142 306 3214 villius,
327 3141 376 3213 qui
396 3145 498 3199 tamen
519 3140 636 3213 pronior
662 3143 727 3197 erat
752 3130 790 3195 ad
816 3138 962 3210 vulgatam
988 3134 1184 3208 retinendam,
1211 3136 1327 3209 elegan-

198 3235 271 3293 tiam
297 3235 327 3292 in
346 3235 496 3307 repetione
521 3233 698 3304 quaesivisse
717 3238 833 3305 poetam
858 3236 948 3289 ratus.
988 3227 1142 3306 φιλότητος
1165 3224 1265 3306 ἐνηέος
1284 3224 1326 3285 οἷ-

198 3346 289 3403 στρον
309 3345 381 3388 corr.
396 3326 539 3386 Ruhnken
561 3327 665 3385 collato
681 3325 821 3396 Gregorio
834 3325 1016 3383 Nazianzeno
1031 3320 1185 3401 (ὑποθῆκαι
1205 3320 1324 3400 παρθεν.

199 3440 230 3495 p.
242 3430 277 3481 18
292 3422 337 3480 ed.
351 3422 503 3494 Hervag.):
520 3417 627 3496 Καιρὸς
640 3415 665 3475 δ’
683 3413 719 3474 αὖ
732 3416 887 3495 φιλότητος
899 3413 999 3493 ἐνηέος
1008 3412 1086 3474 ἐστὶν
1099 3412 1200 3473 ἅπασιν
1207 3411 1326 3492 ’ίίερίοις

198 3513 291 3580 ἁλίαις
311 3533 343 3571 τε
364 3514 411 3571 καὶ
427 3509 487 3572 dod
511 3509 556 3571 ἐπλ
571 3514 651 3589 μαῖαν
665 3507 768 3568 toedet.
783 3545 818 3553 -
836 3510 884 3569 »si
898 3510 966 3583 quid
980 3509 1157 3583 mutandum,
1181 3526 1218 3568 ex
1230 3508 1326 3569 Nonni

201 3609 318 3681 Dionys.
332 3607 386 3666 XL
407 3615 442 3666 96
464 3603 548 3664 ἄλλον
569 3601 629 3683 ἐγὼ
656 3601 757 3681 γλυκὺν
784 3600 897 3682 οίστρυν
923 3604 1087 3677 sumpserim
1111 3624 1142 3680 φ.
1170 3597 1195 3662 ἐ.
1224 3597 1325 3677 γλυκὺν

199 3697 315 3778 οἶστρον
329 3695 454 3757 ἑλοῦσαι.
486 3698 543 3759 Gir.
564 3700 683 3758 Nonnus
703 3698 732 3755 Π
752 3705 788 3757 23
809 3694 922 3770 οἶστρον
942 3692 1017 3754 ἑλὼν
1037 3694 1206 3774 πτολέμοιο(
1227 3696 1326 3755 Wer·

201 3793 282 3854 nike
304 3793 341 3852 ad
361 3792 517 3867 Tryphiod.
534 3811 561 3866 p.
579 3799 643 3851 152.
674 3792 828 3865 Vulgatam
842 3793 1024 3851 retInuerunt
1042 3792 1147 3851 Harles
1171 3798 1201 3850 et
1218 3791 1325 3864 Jnlion,

200 3892 318 3945 secutus
337 3885 385 3944 hic
405 3885 587 3958 Bekkernm,
613 3886 660 3944 cui
679 3886 784 3944 lusisse
803 3885 955 3945 videbatur
972 3893 1060 3958 poeta
1078 3885 1211 3944 similiter
1222 3883 1325 3944 Nonno

203 3987 248 4052 16,
268 3986 305 4038 88
326 3975 414 4043 αὐτὸς
432 3974 514 4055 ἐμοῖς
536 3974 657 4056 ὤμοισιν
677 3974 746 4057 ἐμὴν
767 3977 882 4036 Νικαιαν
902 3977 1016 4056 ἀείρων.
1059 3978 1117 4037 »At
1141 3979 1215 4038 haec
1241 3976 1326 4036 valde

205 4074 320 4132 diversa
339 4077 415 4145 sunt,
438 4073 570 4144 quodque
591 4076 660 4145 apte
682 4072 755 4131 dixit
770 4073 898 4146 Nomos,
918 4070 1053 4144 frigidum
1076 4077 1154 4131 esset
1173 4070 1253 4146 apud
1273 4069 1327 4130 οο-

201 4167 321 4227 luthum.
351 4165 436 4224 Hunc
456 4165 611 4239 oportebat
630 4167 746 4238 gravius
767 4166 837 4237 quid
856 4166 1026 4240 praedicare
1041 4166 1078 4225 de
1092 4172 1189 4227 oestro
1209 4164 1324 4236 amoris,
