3210 4836
653 429 866 490 „49-

201 632 276 674 nunc
295 615 326 672 in
345 614 486 687 Koechlyi
512 614 639 673 editione
659 620 748 685 recte,
770 620 802 672 ut
821 613 947 686 videtur,
966 612 1070 671 divulsi
1090 614 1164 670 alius
1184 613 1241 673 alio
1261 613 1326 672 loco

196 711 358 782 leguntur„
385 708 551 769 Hermanno
583 716 679 767 tamen
711 726 740 782 p.
768 716 813 771 12.
846 716 880 767 13
912 707 1052 767 Wernike
1080 709 1135 766 hoc
1169 708 1232 780 ipso
1262 708 1326 765 loco

203 809 370 877 comparato
389 819 483 875 paene
502 803 638 876 probavit
657 804 788 865 mutilum
810 820 873 861 esse
889 803 1014 861 Colluthi
1035 806 1145 860 textum
1165 801 1326 872 vulgatum,

182 902 354 971 ,praeterea
381 897 427 954 ain
456 896 518 956 cod.
539 898 613 956 Mut.
635 897 711 970 quod
737 899 858 971 legitur,
885 896 933 953 aad
953 893 1056 972 πτερὸν
1078 893 1244 968 11ον1έντα,
1271 895 1327 957 etsi

199 989 291 1047 videri
311 994 410 1062 potest
431 1004 466 1046 ex
487 987 535 1044 καὶ
554 988 659 1069 περόνη
680 987 804 1046 θυόεντα
825 997 991 1064 corruptum
1014 1006 1091 1062 esse,
1117 995 1215 1047 tamen
1238 994 1272 1047 ut
1297 989 1326 1045 in

197 1082 276 1155 loco,
302 1083 331 1139 in
352 1098 408 1153 quo
430 1084 492 1141 sine
518 1080 657 1139 librorum
683 1082 790 1141 auxilio
816 1082 888 1139 nihil
914 1083 988 1140 certi
1013 1081 1109 1139 afferri
1133 1085 1245 1153 potest,
1269 1097 1326 1140 non

195 1176 310 1234 omnino
331 1176 501 1248 spreverim.
533 1174 618 1246 Nam,
638 1179 671 1230 ut
689 1180 756 1246 post
776 1172 825 1229 xci
844 1177 947 1254 περόνη
969 1175 1132 1233 exciderint
1150 1174 1255 1232 similia
1269 1174 1326 1231 illis

196 1268 274 1341 apud
288 1269 431 1340 Nonnum‚
447 1267 520 1325 nihil
534 1267 657 1340 impedit
671 1268 739 1340 quin
754 1268 859 1326 deinde
875 1270 934 1327 tale
949 1269 1019 1341 quid
1042 1270 1157 1327 dederit
1173 1268 1326 1328 Ooluthus:

391 1410 439 1468 καλ
458 1410 564 1470 πλόκον
585 1409 740 1469 ίθυνίλέντα
759 1410 940 1490 διαστήσασα
960 1413 1088 1488 κομάων,
1142 1443 1147 1453 ·

200 1546 276 1618 quod
296 1547 390 1620 ipsum
410 1543 504 1605 videri
522 1553 621 1621 potest
641 1564 809 1620 expressum
838 1564 902 1606 esse
931 1565 967 1606 ex
987 1549 1082 1608 Nonni
1107 1547 1203 1606 verbis
1224 1547 1325 1607 eodem

196 1641 260 1700 loeo
281 1656 305 1700 v.
322 1647 357 1699 12
402 1639 521 1697 πολλάκι
541 1639 566 1697 δ’
586 1639 727 1706 ἷσάζυυσα
746 1638 916 1716 καθειμένον
937 1637 1006 1720 άχρι
1023 1638 1159 1718 μετώπου

400 1731 576 1810 πλαζομένης
597 1728 705 1812 ἔστησε
721 1732 868 1811 μετηλυδα
888 1731 998 1811 κόσμον
1019 1731 1163 1811 ἐθείρηςυ
1206 1734 1260 1806 Qui
1284 1735 1325 1795 lo-

196 1843 247 1884 cus
277 1842 352 1884 nuno
381 1827 467 1899 longe
499 1828 586 1884 aliter
611 1828 719 1899 legitur
744 1827 822 1899 apud
846 1827 1034 1899 Koechlyum.
1081 1828 1207 1887 (lolluthi
1232 1828 1326 1887 locum

195 1921 376 1978 sanissimum
398 1936 461 1979 esse
488 1921 602 1994 putavit
622 1921 780 1980 Schneider
800 1940 828 1995 p.
843 1929 908 1981 434.
930 1929 1001 1994 4353
1030 1939 1117 1980 anam
1142 1921 1246 2000 περόνη
1271 1940 1326 1983 vox

195 2014 335 2072 etiamad
350 2014 470 2087 capillos
484 2013 636 2072 transferri
650 2016 759 2087 potuit,
780 2023 812 2074 ut
821 2030 823 2033 ’
832 2015 939 2074 factum
960 2017 989 2073 in
1004 2022 1131 2087 cognata
1151 2033 1221 2074 voce
1233 2013 1326 2094 πόρπη

196 2106 274 2179 apud
295 2106 415 2165 Lucian.
437 2107 473 2165 de
494 2108 569 2165 dom.
592 2112 609 2166 t
617 2127 623 2165 :
644 2106 737 2184 πόρπη
758 2127 801 2173 τις
820 2103 837 2184 ἢ
858 2109 952 2166 ταινία
977 2107 1010 2165 τὸ
1036 2108 1144 2187 ἄφετον
1164 2111 1216 2187 τῆς
1235 2109 1326 2186 κόμης

198 2198 367 2258 συνδέουοά
400 2188 469 2273 [Ubi
484 2207 581 2260 tamen
593 2207 661 2275 post
673 2200 765 2280 πόρπη
780 2218 892 2262 comma
905 2203 975 2276 poni
988 2219 1074 2275 posse
1089 2204 1161 2276 vidit
1174 2203 1324 2285 Touroier,

194 2312 224 2368 p.
239 2302 286 2368 20,
307 2296 355 2366 qui
376 2297 474 2369 aptius
498 2293 611 2354 confert
631 2294 717 2368 Verg.
738 2296 811 2353 Aen.
833 2295 887 2354 VII
910 2302 1062 2354 815-816
1085 2295 1143 2354 »Ut
1162 2294 1251 2354 fibula
1271 2296 1325 2353 cri-

195 2404 260 2447 nem
285 2389 365 2449 Auro
390 2389 603 2463 internectatm]
652 2388 736 2460 Quod
761 2393 859 2446 autern
890 2386 1005 2465 Graefio
1031 2388 1181 2449 offensioni
1207 2388 1324 2457 fuerunt

194 2482 365 2542 coniunctae
385 2499 470 2541 voces
491 2480 639 2556 πλόκαμος
667 2487 696 2539 et
714 2479 815 2558 χαίτη,
841 2497 897 2541 non
922 2479 1033 2540 faciunt
1060 2482 1177 2554 quidem
1202 2483 1323 2551 multum

199 2575 237 2635 ad
257 2575 411 2635 delendum
432 2575 489 2635 duo
509 2576 648 2648 Hesychii
673 2576 729 2634 loci
756 2579 834 2646 (nam
862 2574 919 2634 duo
945 2581 1026 2646 sunt,
1047 2592 1106 2635 non
1125 2583 1225 2649 unus),
1252 2592 1323 2649 quos

199 2671 333 2731 attulisse
347 2669 465 2728 Juliano
478 2667 565 2727 laudo
579 2668 668 2726 vertit
681 2667 862 2725 Hermannus
883 2668 924 2743 [p.
941 2672 1003 2741 131:
1023 2666 1176 2745 πλόκαμοι·
1191 2666 1324 2727 κόνδυλον

200 2754 308 2844 τριχίάν
328 2759 521 2840 πεπλεγμένοι,
542 2769 585 2820 et:
604 2761 704 2840 χαίτη·
726 2759 743 2838 η
763 2758 809 2819 ἐπλ
828 2758 879 2818 τοι)
893 2760 1039 2839 τραχήλου
1053 2760 1128 2839 θρίξ,
1141 2763 1253 2834 ¹quibus
1266 2762 1323 2823 non

196 2859 347 2932 probatur,
367 2858 444 2929 quod
468 2856 588 2931 probari
606 2856 730 2929 putabat
749 2855 897 2928 Julianus,
918 2872 976 2913 uon
996 2871 1154 2927 synonyma
1174 2871 1238 2914 esse
1258 2853 1323 2911 πλό-

191 2970 290 3024 καμος
310 2956 340 3011 et
357 2950 454 3029 χαίτη,
475 2956 508 3008 ut
528 2958 651 3021 utraque
672 2966 725 3009 von
746 2949 882 3021 coniungi
901 2949 1002 3022 possit.
1041 2954 1173 3022 poterat,
1194 2954 1226 3006 nt
1245 2948 1322 3020 quod

153 3052 165 3075 ⁸
197 3045 313 3105 volebat
332 3045 485 3119 probaret,
509 3044 599 3117 priori
619 3043 757 3115 Hesychii
778 3042 892 3114 glossae
913 3058 1060 3115 apponere
1086 3042 1172 3100 aliam
1193 3043 1323 3105 eiusdem

194 3140 393 3214 lexicographi
417 3141 505 3198 hanc:
529 3141 642 3217 χαῖται·
668 3136 699 3195 αἱ
722 3135 917 3216 κεχυμέναι
941 3137 1055 3216 τρίχες,
1081 3136 1133 3195 sed
1152 3138 1324 3211 praestabat

196 3232 354 3294 admonere
373 3234 429 3293 loci
452 3233 607 3304 Homerici,
628 3232 662 3290 11.
686 3235 735 3306 1⁷,
757 3239 791 3291 51
813 3230 915 3307 αίματί
928 3230 958 3288 οἱ
976 3226 1093 3289 δεύοντα
1114 3229 1223 3308 κόμαι
1239 3231 1324 3310 χαρί-
1397 3270 1400 3275 >

194 3342 291 3384 τεσσιν
310 3324 405 3403 άμοῖαι
424 3324 583 3405 πλοχμοί
597 3320 627 3380 t'
652 3323 682 3382 οἳ
696 3329 801 3403 χρυσῷ
818 3343 851 3381 τε
871 3323 919 3381 καὶ
939 3320 1059 3402 άρχάρῳ
1079 3315 1278 3401 &apparantem

272 3418 388 3488 Melius,
409 3426 490 3493 puto,
510 3418 547 3477 de
560 3417 615 3477 hoc
628 3418 692 3478 loco
710 3417 855 3477 sentiebat
869 3417 1000 3477 Graefius
1013 3435 1041 3491 p.
1057 3424 1125 3475 244:
1148 3417 1322 3476 »coluthum

195 3529 232 3571 ex
252 3513 341 3572 allato
355 3513 451 3572 Nonni
470 3512 534 3572 loeo
550 3510 703 3569 emendare
718 3510 844 3569 debebat
856 3508 1032 3568 Wernikius.
1063 3509 1226 3569 Admodum
1246 3511 1322 3579 enim

196 3618 348 3679 suspectus
369 3607 457 3679 penit.
489 3603 621 3681 κομάων,
647 3610 715 3663 ante
734 3603 901 3681 πλοκάμους
925 3623 950 3663 ν.
972 3621 994 3663 s.
1022 3611 1053 3663 et
1075 3603 1191 3682 χαίτην,
1218 3612 1248 3664 et
1272 3608 1322 3679 qui

193 3716 219 3756 v.
235 3705 291 3758 134
318 3704 403 3758 acute
430 3700 602 3759 emendabat
627 3697 737 3776 κόσμον
764 3695 883 3777 ἐθείρης
909 3703 951 3769 (et
977 3701 1090 3758 acutius
1115 3690 1234 3758 icens.
1254 3699 1320 3758 Hal.

193 3781 301 3869 κόσμια
317 3791 435 3871 χαίτης)
456 3810 513 3853 non
534 3786 665 3866 videbat,
691 3793 820 3865 ineptum
839 3792 993 3872 χαίτηνν.
968 3800 1045 3853 ν.83
1067 3811 1083 3852 e
1103 3811 1128 3854 ν.
1145 3801 1199 3852 133
1226 3799 1321 3852 emen·

195 3884 322 3945 dandum
343 3884 428 3947 ossei
459 3887 627 3959 Quisenim
551 3888 689 3946 enimsie
709 3888 811 3959 iungat
830 3885 997 3961 πλοκάμους
1018 3893 1047 3945 et
1064 3885 1177 3965 χαίτην,
1199 3888 1255 3945 etsi
1273 3887 1320 3961 Jo

193 3980 262 4038 Gaz.
285 3987 384 4039 v224
410 3997 467 4040 non
491 3982 582 4041 multo
609 3982 712 4040 melius
731 3979 898 4058 πλοκάμους
923 3986 954 4039 et
980 3978 1088 4058 κόρσην
1114 3970 1214 4040 iunxit.
1251 3977 1320 4053 Jam

193 4071 359 4149 πλοκάμους
379 4072 466 4132 lacile
486 4076 609 4133 mutes
600 4092 630 4132 ιιι
648 4072 794 4152 παλάμας,
814 4073 867 4133 sed
887 4076 906 4132 l
920 4076 938 4132 1.
955 4082 1047 4134 133s
1069 4090 1204 4133 unacum
1217 4071 1320 4134 Nonne

192 4172 343 4240 monstrat,
365 4164 548 4226 scribendum
569 4184 993 4228 assez·
1065 4204 1067 4213 ι

241 4261 266 4302 n.
280 4261 365 4309 ιιιι,
384 4260 416 4303 c
417 4261 446 4302 ι
448 4262 508 4305 ιιι
1098 4267 1115 4314 4
