3210 4836
723 361 935 424 *56¹-

262 544 328 605 dom
346 551 445 605 tumen
458 547 505 606 vix
525 545 636 619 dubito,
659 547 727 619 quin
748 547 837 604 latius
858 547 939 604 ulcus
959 548 1108 619 serpserit.
1130 562 1197 605 nam
1218 546 1268 618 qui
1287 547 1395 607 similia
1421 566 1422 571 ¹

261 639 426 713 anaphoras
446 641 580 713 exempla
600 639 679 714 apud
703 640 865 698 Colluthum
886 641 1041 700 contulerit
1060 658 1085 699 v.
1101 647 1172 700 245:

464 781 555 849 ἄνθος
575 782 716 861 ἀνηέξησε
739 783 914 862 παραίφασιν
931 780 1081 841 Ἀπόλλωνι

464 873 556 955 ἄνθος
576 874 721 953 ἀριζήλοιο
747 874 917 954 φερώνυμον
937 873 1089 954 ἡβητῆρος,

175 1020 177 1023 ’
260 1009 289 1062 et
308 1021 334 1062 v.
349 1010 419 1062 349:

463 1104 588 1180 ἀστέρες
607 1103 764 1177 ὑπνώουσι,
787 1103 835 1162 καλ
856 1101 888 1162 ἐν
908 1103 1080 1163 σκοτέεσσιν
1101 1101 1186 1161 ἶαόει·

466 1198 591 1276 ἀστέρες
612 1196 786 1270 ἀντέλλουσι,
808 1197 856 1254 καὶ
876 1195 909 1254 οὐ
928 1197 1100 1274 παλίνορσος
1121 1196 1219 1270 ἱκάνει,

258 1355 308 1413 ubi
327 1355 451 1414 alterum
471 1372 585 1413 versum
606 1355 693 1412 alteri
713 1359 796 1426 patet
820 1354 991 1411 examussim
1014 1352 1071 1425 [11]
1086 1352 1273 1424 respondere,
1295 1368 1389 1412 nonne

258 1447 371 1520 patebit
390 1448 437 1506 hic
457 1464 570 1519 quoque
585 1448 678 1505 simile
691 1452 807 1519 poetae
823 1445 971 1503 consilium
986 1443 1086 1517 fuisse,
1108 1461 1194 1516 quum
1210 1449 1289 1504 certe
1304 1446 1395 1505 verba

259 1539 342 1624 νόσφι
356 1539 389 1599 δὲ
407 1539 598 1618 βοσκομένων
613 1541 836 1600 accuratissime
850 1541 885 1597 iis
900 1538 1098 1610 respondeant
1113 1554 1188 1608 quae
1205 1538 1306 1596 eodem
1327 1544 1395 1598 sunt

258 1636 378 1693 alterius
398 1651 499 1693 versus
518 1637 601 1695 loco?
634 1652 668 1694 ac
692 1637 776 1695 licuit
798 1640 904 1708 poetae
921 1633 1064 1692 scrihere:
1087 1631 1172 1709 νόσφι
1192 1629 1226 1690 δὲ
1244 1630 1391 1709 βοσκομέ-

258 1747 313 1785 νων
338 1726 406 1784 dcciv
431 1725 552 1805 ἦρίδμεε
576 1730 648 1786 πῶυ.
681 1730 735 1788 hoe
765 1730 856 1801 igitur
880 1728 926 1786 vel
952 1728 1045 1785 simile
1066 1727 1135 1799 quid
1157 1725 1321 1786 colluthum
1343 1727 1392 1785 de·

258 1821 336 1879 disse
371 1837 540 1893 persuasum
561 1822 682 1882 habeo«
720 1822 888 1881 Schneideri
914 1820 1162 1879 ratiocinationem
1183 1822 1233 1892 qui
1251 1821 1394 1894 probavit,

257 1914 399 1972 Teurnier
418 1933 446 1987 p.
463 1922 499 1972 22
520 1912 605 1990 νόσφι
632 1913 665 1972 δὲ
683 1913 867 1991 βοσκομένης
886 1911 1036 1991 διεμέτρεε
1056 1911 1139 1970 πώεα
1163 1914 1279 1990 ποίμνης
1305 1914 1394 1973 scribi

255 2009 348 2079 iussit,
369 2009 474 2067 collato
495 2009 598 2068 Nonno
618 2009 704 2067 Dion.
732 2008 872 2067 XXXVII
894 2015 929 2067 51
957 2005 1005 2063 καὶ
1029 2005 1133 2072 πολέες
1152 2006 1299 2084 σφάξαντα
1317 2005 1393 2082 βόες

257 2100 306 2157 καὶ
324 2099 422 2157 πώεα
442 2101 595 2179 ποίμνης.
612 2136 645 2143 -
661 2103 726 2174 Ego
749 2102 897 2174 vulgatam
910 2102 1025 2172 retinui,
1047 2118 1110 2162 cum
1126 2102 1213 2159 etiam
1227 2119 1253 2159 v.
1270 2108 1325 2160 114
1345 2098 1394 2156 καὶ
1474 2170 1478 2178 η

257 2199 394 2272 ταόρων
414 2193 541 2272 ἀμέλησε
555 2194 602 2252 καὶ
623 2195 677 2252 οὐκ
691 2192 842 2269 ἐμπάζετο
860 2192 979 2272 μήλων
1000 2195 1102 2254 eadem
1117 2195 1265 2265 vocabula,
1288 2194 1391 2266 quibus

257 2292 441 2363 iuxtapositis
467 2291 592 2351 offensus
614 2298 659 2349 est
686 2291 857 2362 Schneider,
887 2291 1046 2362 socientur,
1073 2296 1103 2348 et
1127 2291 1246 2349 verbum
1271 2285 1394 2346 ἐδόκευε

255 2402 282 2443 ν.
297 2392 352 2443 263
374 2384 626 2448 existimandi,
647 2403 679 2443 v.
704 2392 802 2443 autem
823 2393 879 2444 264
898 2383 1047 2443 ridendi
1068 2383 1278 2456 significatione
1292 2400 1311 2441 a
1326 2383 1390 2443 (iol-

256 2479 336 2537 lutho
357 2484 527 2550 usurpatum
541 2478 646 2550 probet
661 2479 878 2538 Schneiderum
900 2484 934 2538 eo
954 2495 1010 2536 nou
1026 2478 1161 2536 debuisse
1181 2477 1296 2551 offendi,
1317 2477 1394 2550 qnod

252 2570 329 2648 μῆλα
348 2576 446 2628 v.104
466 2576 511 2629 tot
524 2587 570 2628 em
590 2571 700 2629 Priami
721 2571 810 2649 ληίδα,
832 2579 960 2645 quarto
982 2577 1079 2630 autem
1100 2572 1205 2628 abhinc
1218 2587 1303 2628 versu
1324 2587 1392 2629 oves

257 2666 334 2722 solas
361 2663 513 2736 significet.
548 2665 690 2724 Praetera
711 2667 812 2724 eadem
832 2683 932 2725 versus
953 2666 1084 2722 clausula
1104 2663 1211 2735 legitur
1224 2663 1302 2735 apud
1314 2665 1393 2721 Non-

257 2774 325 2816 num
347 2758 433 2816 Dion.
455 2765 501 2831 24,
523 2766 578 2817 223
599 2761 691 2816 πυκνὰ
711 2758 888 2837 δορικτήτων
903 2755 1031 2835 ἱερεύετο
1051 2754 1131 2813 πώεα
1146 2751 1252 2832 μήλων.
1282 2756 1393 2815 Iniuria

258 2854 346 2911 etiam
372 2849 493 2929 ηρίδμεε
523 2870 576 2925 pro
602 2851 752 2929 διεμέτρεε
777 2853 927 2912 substituit
946 2851 1118 2921 Schneider,
1144 2850 1256 2908 scilicet
1273 2856 1306 2908 ut
1326 2866 1394 2908 ean·

160 2970 164 2975 ·
257 2948 322 3006 dem
341 2946 403 3004 fere
429 2945 668 3018 significationem
695 2954 785 3019 atque
814 2946 1016 3019 praecedentis
1044 2961 1143 3003 versus
1164 2945 1300 3016 verbum,
1325 2964 1393 3020 πεμ-

256 3038 377 3113 πάζετο,
410 3041 495 3098 huius
522 3057 635 3113 quoque
660 3059 760 3100 versus
781 3043 897 3099 verbum
919 3042 1034 3099 habeat.
1072 3041 1128 3099 Est
1149 3040 1223 3098 enim
1244 3037 1393 3116 διεμέτρεε

257 3139 288 3192 et
308 3134 356 3191 hic
382 3140 412 3191 et
431 3133 480 3192 ubi
502 3135 602 3193 eodem
618 3152 717 3193 versus
732 3135 801 3192 sede
824 3136 930 3206 legitur
949 3152 975 3193 ν.
991 3137 1056 3208 231,
1077 3136 1194 3194 oculis
1215 3134 1391 3204 dimetiri,
1417 3177 1420 3183 .

254 3234 288 3286 ut
307 3234 386 3287 recte
406 3229 446 3288 ibi
465 3230 552 3288 vertit
570 3230 678 3301 LehrS,
703 3246 766 3287 cum
787 3246 813 3286 v.
838 3230 891 3287 101
919 3229 1066 3287 dividendi
1094 3230 1139 3288 vel
1161 3228 1281 3286 curandi
1302 3228 1390 3299 signi-

253 3321 417 3382 ficationem
446 3324 513 3382 hnic
542 3323 681 3382 vocabulo
713 3323 789 3380 male
833 3323 1007 3396 interpretes
1033 3323 1213 3382 tribuissent.
1260 3322 1392 3379 Alteram

256 3415 426 3475 Schneideri
445 3419 655 3476 coniecturam
681 3413 830 3492 διεμέτρεε
850 3417 912 3473 πῶυ
929 3412 995 3493 μέγ’
1021 3416 1089 3474 οἰῶν
1114 3415 1289 3488 improbavit
1314 3414 1393 3473 Lud-

254 3511 324 3570 wioh
351 3510 447 3582 Symb.
473 3512 537 3568 crit.
579 3527 607 3582 p.
628 3518 663 3568 31
692 3516 812 3582 propter
840 3512 977 3570 viciosam
1004 3511 1167 3581 elisionem,
1198 3524 1273 3580 quae
1308 3525 1393 3581 argu·

255 3606 359 3662 mentis
380 3604 589 3664 aSchneidero
613 3605 712 3663 allatis
734 3605 782 3662 vix
802 3612 964 3665 excusetur.
980 3602 1092 3661 -108
1114 3621 1208 3667 καιτις
1220 3603 1263 3675 Μ,
1285 3600 1333 3660 καὶ
1350 3601 1394 3668 τὶς

257 3697 288 3771 C,
309 3696 364 3754 καί
378 3698 470 3769 τ,ιςὸ
491 3718 539 3754 και
568 3717 594 3754 τι
616 3697 663 3771 W,
685 3705 716 3757 et
736 3712 762 3755 τι
781 3698 1040 3757 habetetiamP
1032 3714 1060 3753 ln
1080 3713 1182 3769 marg,
1203 3697 1257 3753 και
1272 3699 1393 3756 stetin

256 3789 312 3849 fine
332 3807 432 3850 versus
447 3789 523 3910 δόρυ
535 3790 601 3849 edd.
616 3797 702 3850 vett·
695 3790 874 3868 ,ἀρεσσ-
841 3790 1026 3869 -χιμαίρης
1045 3789 1112 3848 edd.
1127 3790 1221 3849 Mc
1212 3807 1242 3847 111
1256 3791 1302 3862 M3
1323 3788 1393 3867 δορη

255 3917 429 3988 MACLN,
451 3916 576 3994 topos,
600 3917 733 3994 doan,
755 3915 825 3993 δόρυ
846 3918 899 3988 W,
920 3915 989 3992 δορί
1003 3917 1027 3974 Ρ
1048 3915 1159 3993 (δόρυ
1151 3934 1181 3975 111
1200 3933 1291 3990 marg.
1311 3935 1347 3975 m
1363 3921 1391 3992 2)

254 4011 326 4089 δορη
348 4015 380 4086 Q.
403 4011 458 4069 καί
477 4031 521 4077 τις
547 4019 577 4070 et
596 4009 668 4087 δορη
685 4015 838 4083 receperat
860 4010 981 4083 Lennep
1002 4027 1037 4068 ex
1054 4010 1136 4069 libris
1157 4017 1187 4069 et
1210 4027 1246 4070 ex
1268 4011 1393 4070 Falken-

255 4106 361 4179 burgii,
381 4102 518 4174 Brodaei,
532 4105 666 4165 Neandri
685 4105 727 4176 (in
742 4109 845 4177 marg.)
861 4103 1001 4177 Stephani
1016 4111 1046 4164 et
1059 4106 1201 4178 Anonymi
1216 4107 1392 4164 coniectura.
