3208 4848
634 390 959 453 -93-’

183 588 352 651 praesens
371 575 545 646 verbiinpe,
566 574 727 647 uidendi,
749 575 967 648 admirandi,
988 575 1164 636 laudandi
1179 577 1301 637 autdo·

181 672 280 730 lendi
300 686 386 733 seusu
407 676 475 729 ante
490 666 667 741 Ὑάκινθον,
691 686 743 742 pro
763 667 966 746 παοαμνάψας,
992 671 1114 729 inveniri
1134 675 1245 743 potest,
1270 670 1301 728 id

182 765 256 837 quod
278 764 411 836 equidem
430 762 538 822 frustra
562 763 718 835 quaesivi«
759 763 866 822 Veram
890 761 980 821 luisse
1002 762 1109 822 Graefii
1138 763 1175 821 de
1199 764 1302 821 lacuna

182 858 370 931 suspicionem
385 857 547 915 accuratior
563 855 856 915 codicisMutinensis
870 855 985 914 collatio
1001 855 1142 914 ostendit.
1167 856 1299 928 Reliqua,

182 966 254 1022 quae
276 949 407 1009 Graefius
428 950 466 1009 ad
484 949 512 1006 h.
533 950 552 1007 l.
572 950 701 1023 protulit,
726 949 900 1021 improbavit
921 949 1008 1007 etiam
1030 948 1178 1007 Hermann
1204 967 1232 1022 p.
1257 955 1301 1018 18,

183 1044 269 1102 »nihil
290 1047 365 1104 enirn
390 1045 497 1103 certius
522 1060 605 1115 quem
630 1039 819 1118 παμυμνάψας
838 1043 867 1098 in
887 1041 983 1100 medio
1007 1043 1133 1114 positum
1166 1057 1244 1114 esse,
1271 1048 1303 1100 ut

181 1139 219 1197 sit
238 1137 454 1209 deflectens;
474 1136 511 1194 ad
526 1133 673 1212 Καρνείοιο
689 1131 848 1192 Ὑακίνθου
869 1140 966 1193 autem
986 1135 1081 1207 repeti
1095 1133 1204 1192 dehere
1218 1131 1302 1211 θηεύ·

178 1249 268 1308 μενος
288 1227 392 1295 eidos«
425 1229 577 1289 Caeterum
591 1229 628 1288 ad
642 1227 749 1305 κτέρας
762 1245 798 1286 ex
811 1228 995 1286 antecedenti
1012 1243 1097 1286 versu
1110 1228 1301 1300 repetendum
1357 1219 1361 1225 “

181 1341 246 1385 asse
271 1322 429 1403 θηεύμενος
448 1324 521 1383 bene
542 1323 615 1382 vidit
635 1321 793 1381 Schneider
817 1341 845 1395 p.
871 1329 937 1381 414.
966 1353 998 1364 -
1022 1319 1087 1379 242
1114 1320 1147 1379 θν
1168 1341 1238 1378 ποτε
1262 1322 1303 1394 Μ,

181 1413 284 1479 οὔποτε
303 1419 405 1491 LNQ,
427 1414 531 1475 οὔποτε
548 1420 583 1487 A,
604 1414 707 1474 οὐποτὲ
727 1417 749 1476 0
770 1423 837 1476 ante
857 1433 941 1488 corr,
962 1413 1081 1472 οὔποτε
1102 1416 1124 1474 0
1144 1422 1303 1490 postcom.

181 1530 244 1572 cum
269 1514 368 1586 glossa
393 1510 441 1567 καὶ
465 1509 549 1582 duom
574 1509 752 1586 κουμιῖονται
776 1511 815 1582 L;
842 1508 985 1567 απόλλωνι
1009 1509 1054 1580 Μ;
1084 1543 1116 1550 -
1145 1507 1208 1567 243
1234 1527 1303 1584 αμυ-

183 1604 267 1664 κλέυν
286 1606 328 1678 Μ,
348 1603 513 1683 άμηκλαίυνν
533 1605 571 1677 Q,
591 1601 717 1682 ἡγήσατο
737 1605 771 1677 Q,
791 1599 939 1680 ῆηάσσατο
963 1601 999 1662 W
1019 1606 1073 1675 ho3
1097 1599 1137 1680 μὴ
1157 1602 1218 1661 MC
1238 1600 1303 1673 (sed

181 1701 211 1757 in
232 1700 287 1759 hoc
303 1719 326 1775 μ
346 1716 382 1757 ex
401 1702 486 1769 corr.)
506 1699 576 1771 LQ,
599 1695 639 1774 μή
658 1698 698 1769 Α,
724 1694 758 1774 δὴ
778 1696 943 1769 PNRSV,
964 1694 1013 1774 (μὴ
1033 1699 1090 1767 vel)
1115 1694 1150 1774 δὴ
1174 1713 1229 1756 om.
1251 1696 1304 1768 W3

181 1790 221 1849 δά
244 1793 273 1849 in
293 1792 326 1850 M
346 1790 469 1852 fortasso
490 1808 525 1850 ex
548 1789 583 1868 δή
602 1790 709 1850 factum
734 1796 779 1848 est
799 1807 816 1848 a
836 1806 873 1847 m.
895 1807 938 1863 pr.
960 1788 997 1846 δυ
1016 1792 1057 1862 A,
1083 1788 1118 1848 δέ
1142 1790 1170 1847 οἱ
1193 1807 1246 1864 pro
1267 1788 1307 1846 δά

181 1886 272 1945 habet
285 1884 323 1944 W
342 1886 372 1942 iu
391 1889 472 1943 textu
493 1882 538 1955 (δὲ
558 1881 599 1941 δά
614 1901 650 1942 m.
665 1899 722 1942 sec.
737 1885 766 1940 iu
786 1889 905 1956 marg.);
920 1884 956 1941 ‘iu
976 1886 1106 1957 margine
1121 1883 1155 1942 δὲ
1175 1883 1204 1940 οἱ
1216 1884 1304 1943 hahet

181 1979 215 2052 P,
235 1977 269 2037 δὲ
283 1976 314 2035 οἷ
324 1978 353 2037 Β.
375 2011 408 2021 -
431 1976 496 2036 244
512 1976 669 2054 σκυτυμένη
683 1978 717 2050 Q,
738 1974 895 2054 κλυζομένη
908 1977 943 2049 L,
965 1975 1126 2055 σκυζομένη
1139 1979 1203 2037 rell.
1218 1978 1302 2038 codd.

183 2078 214 2130 et
238 2072 303 2153 edd.
330 2078 397 2131 ante
423 2072 524 2130 Lehrs.
546 2105 581 2112 -—
601 2071 688 2127 rodco
714 2071 760 2130 W.
785 2104 816 2112 ·-
840 2072 872 2129 In
898 2072 1017 2144 vulgata
1042 2073 1143 2130 horum
1170 2087 1303 2130 versuum
1393 2082 1396 2089 ’

183 2166 307 2224 lectione
326 2166 435 2238 primus
459 2164 578 2224 offendit
595 2164 730 2237 Lennep‚
757 2180 820 2221 cum
845 2180 939 2236 neque
962 2164 1033 2236 Iovi,
1059 2180 1152 2235 neque
1172 2165 1303 2223 Latonae

184 2258 213 2314 in
233 2257 289 2316 hac
308 2257 408 2316 fabula
426 2259 503 2316 ullae
524 2262 689 2330 competant
707 2264 821 2330 partes,
842 2272 935 2330 neque
960 2259 1031 2316 satis
1051 2259 1182 2330 intellegi
1202 2259 1304 2332 possit,

184 2367 258 2423 quae
284 2350 372 2410 fuerit
395 2352 445 2409 illa
470 2351 599 2410 Latonae
624 2352 653 2408 iu
678 2350 774 2410 Iovem
800 2352 859 2420 ira,
887 2352 1004 2422 etquis
1030 2351 1079 2408 ille
1104 2356 1196 2409 metus
1218 2352 1303 2424 Amy-

185 2446 338 2517 elaeonem,
363 2460 400 2502 ne
419 2444 532 2503 Latona
552 2443 745 2516 Hyacinthum
771 2443 938 2503 abduceret.
980 2446 1076 2518 Quare
1101 2445 1223 2518 primum
1249 2462 1302 2518 pro

183 2534 217 2614 ὃν)
238 2534 279 2593 aet
300 2533 377 2614 λητώ
397 2538 513 2609 scripsit
532 2535 602 2614 dard
622 2534 711 2612 άὴτου
731 2542 764 2595 et
777 2554 830 2610 pro
850 2536 1010 2615 σκυζομένη
1031 2536 1219 2614 σκυζομένους
1244 2540 1303 2597 uita

188 2629 279 2689 videri
298 2637 398 2705 posset
418 2630 555 2690 Goluthus
575 2632 714 2702 uoluisse,
734 2630 905 2704 Amyclaeos
932 2631 1155 2691 admirabundus
1175 2647 1301 2707 pugnam

185 2724 309 2797 Zephyri
329 2721 366 2782 oh
385 2723 416 2781 id
430 2723 591 2795 Hyacintho
611 2723 763 2796 indignati,
783 2725 860 2796 quod
873 2724 1036 2798 Apollinem
1056 2726 1112 2784 sibi
1131 2724 1303 2798 praeferret,

186 2818 362 2890 spectavisse
384 2832 476 2889 eaque
500 2833 564 2874 sese
584 2816 764 2876 oblectantes
785 2817 976 2889 Hyacinthum
999 2817 1169 2890 adduxisse,
1196 2824 1229 2875 ut
1250 2815 1304 2877 soi·

186 2910 255 2968 licet
270 2926 334 2970 cum
348 2909 479 2982 Zephyro
493 2914 647 2968 certaret«.
677 2909 783 2968 Postea
804 2915 900 2967 autem
914 2910 1084 2983 intellegens
1105 2910 1231 2969 admissa
1251 2912 1306 2970 hac

188 3004 353 3063 coniectura
373 3003 523 3074 sequentia
547 2999 638 3078 αὐτὰρ
659 2999 797 3059 Ἀπόλλων
817 2998 870 3059 οὐκ
890 2998 962 3078 ἐδάη
983 3023 1010 3058 κ.
1026 3023 1051 3059 τ.
1069 3001 1092 3059 λ.
1117 3004 1210 3063 minus
1230 3006 1304 3065 hene

185 3115 259 3156 nexa
288 3113 367 3165 esse,
393 3093 463 3173 lpro'
488 3095 576 3174 ἀητου
604 3100 669 3170 (pro
698 3095 770 3174 iprae
798 3093 898 3174 άητου)
931 3097 1050 3155 retinuit
1075 3104 1105 3156 et
1129 3097 1306 3175 σκυζάμενος

186 3192 317 3263 scripsit,
343 3198 373 3249 et
396 3188 544 3268 ἠγάσσατο
568 3192 732 3250 Brodaeum
757 3198 874 3250 secutus
899 3192 987 3250 vertit
1016 3193 1178 3251 venerati
1210 3201 1305 3266 suut3

186 3282 233 3339 xci
252 3282 354 3340 τοῦτον
373 3280 510 3362 ἀνήγαγεν
536 3289 631 3343 autem
658 3302 732 3344 »uon
757 3287 832 3344 male
854 3286 941 3343 etiam
962 3301 980 3343 a
999 3285 1133 3344 Brodaeo
1160 3284 1305 3344 redditum

186 3381 221 3434 et
238 3376 331 3435 huuc
350 3377 385 3434 in
410 3376 526 3435 urbem
551 3382 784 3449 receperunt,
811 3378 941 3448 quamvis
962 3377 1059 3434 malim
1079 3376 1249 3449 simpliciter
1270 3383 1305 3435 et

185 3469 285 3527 illum
307 3468 546 3542 abduxerunt,
570 3485 606 3527 ue
626 3470 735 3528 scilicet
755 3486 820 3527 cum
839 3470 971 3543 Zephyro
991 3485 1123 3543 pugnans
1143 3470 1304 3528 interiret«

187 3560 327 3622 Vitiosum
342 3578 406 3621 esse
419 3561 561 3636 Lennepii
581 3563 773 3621 coniecturum
794 3565 839 3622 vel
853 3568 972 3637 propter
986 3562 1196 3621 intolerabilem
1212 3563 1306 3622 elisio

186 3670 260 3726 nem,
280 3656 422 3714 neminem
441 3655 528 3715 hodie
548 3657 630 3714 latet.
668 3656 759 3714 Iulian
780 3657 851 3714 nihil
870 3657 926 3714 nisi
946 3654 1052 3733 νοησας
1072 3657 1101 3714 in
1123 3653 1224 3732 νόησεν
1245 3672 1305 3714 mu·

187 3748 274 3818 tavit,
300 3755 330 3806 et
349 3749 449 3807 vertit:
476 3748 642 3822 »obstupuit
661 3765 729 3808 vero
749 3748 863 3807 Latona
882 3749 957 3822 lovi,
977 3750 1055 3807 illius
1076 3765 1145 3822 ergo
1166 3750 1305 3823 irascens,

187 3845 216 3899 et
246 3856 311 3899 eum
345 3840 499 3914 abduxit«,
529 3843 669 3901 Latonam
701 3843 812 3902 scilicet
840 3843 985 3914 Apollinis
1015 3843 1237 3901 amantissimam
1269 3859 1306 3902 ne

185 3933 317 4008 Iuppiter
336 3935 531 4007 Hyacinthum
556 3953 669 4009 quoque
694 3941 815 4010 propter
833 3937 1014 4009 praeclaram
1035 3937 1097 3995 eius
1116 3937 1306 4010 pulchritudi-

186 4043 253 4086 nem
277 4027 438 4088 abduceret
461 4031 598 4088 metuisse
621 4036 710 4090 ratus.
756 4029 865 4090 Censor
890 4029 1088 4102 Gottingensis
1114 4030 1152 4089 ad
1177 4031 1306 4104 mythum

185 4120 268 4180 uobis
297 4120 376 4180 haud
406 4122 528 4194 amplius
558 4128 654 4181 notum
685 4122 817 4182 allusisse
847 4129 963 4196 poetam
993 4123 1128 4183 credidit.
1174 4121 1307 4182 Graefius
