3208 4848
750 412 962 476 ..90-

288 647 373 727 dpcoe
385 649 427 722 M,
448 613 538 726 ἀῆταῖ
546 649 593 719 W,
607 645 708 727 ἀῆταις
720 648 754 717 G,
768 648 839 731 Pm.
852 654 869 706 2
880 648 910 705 in
921 663 1023 720 marg,
1037 646 1103 720 SV,
1119 646 1184 707 edd.
1199 652 1267 707 ante
1276 647 1421 724 Lennep.,

288 739 373 819 ἀῇται
388 757 404 799 e
418 742 481 800 rell.
496 740 579 800 codd.
593 741 706 814 recepit
720 740 849 813 Leunep‚
863 740 912 812 qui
922 738 1019 798 addit:
1036 739 1238 812 »Dausqueius
1248 740 1358 814 duplici
1369 742 1420 801 via

290 851 459 896 succurrere
484 841 604 895 conatis
631 839 689 907 est,
714 834 760 892 vel
782 833 907 907 legendo
927 829 1139 903 ἐπαντέλλοιεν,
1167 835 1213 893 vel
1237 830 1416 892 ἐπιθολέοιεν

289 926 418 1006 ἐθείρας.
444 929 529 986 Prius
556 929 618 986 sine
643 927 731 987 dubio
752 925 1005 1001 praeferendum«
1041 926 1087 986 De
1112 926 1157 985 his
1183 926 1313 986 versibus
1342 928 1422 987 haec

291 1023 402 1081 somnia
426 1021 549 1095 protulit
575 1020 706 1080 Graefius
731 1038 760 1094 p.
783 1027 847 1079 251.
875 1026 945 1078 252:
976 1037 1037 1079 »vu
1065 1027 1130 1079 233.
1155 1028 1211 1079 234
1232 1020 1335 1079 eadem
1354 1020 1421 1082 iere

292 1113 461 1175 difficultate
481 1116 656 1187 laboramus,
677 1131 735 1186 qua
754 1131 780 1175 v.
796 1122 822 1173 5.
851 1115 927 1172 Nam
949 1113 1020 1174 (lod.
1039 1114 1081 1173 M.
1102 1113 1187 1173 offert
1206 1113 1420 1190 ἀναστέλλοιεν,

292 1209 396 1279 reliqui
417 1209 447 1266 in
467 1204 665 1266 ἐπαντέλλοιεν
691 1208 870 1267 conveniunt.
911 1207 994 1267 Haec
1015 1213 1060 1266 est
1080 1224 1190 1266 summa
1210 1207 1419 1283 discrepantia,

291 1301 368 1359 uude
390 1301 502 1372 reliqua
515 1301 608 1374 magis
625 1301 755 1371 minusve
775 1301 911 1373 pendent.
943 1299 1103 1359 Praeterea
1117 1301 1173 1358 um
1186 1301 1276 1360 habet
1294 1301 1417 1374 probum

289 1395 361 1453 illud
383 1392 537 1471 κυνέηθεν,
563 1399 593 1452 et
613 1411 649 1452 ex
669 1394 763 1452 altera
781 1399 867 1467 parte
889 1391 1028 1472 κυνέῃσιν,
1048 1393 1079 1451 id
1100 1394 1217 1467 quidem
1237 1400 1339 1468 aperte
1359 1410 1417 1452 non

292 1505 403 1563 sanum,
423 1489 475 1547 sed
496 1489 589 1548 bonae
604 1494 634 1546 et
646 1487 713 1546 fort.
735 1487 926 1561 discrepantis
942 1488 1075 1546 lectionis
1089 1488 1244 1560 uestigium
1258 1487 1418 1546 continens.

288 1584 391 1642 Plures
417 1590 573 1657 praeterea
600 1583 817 1641 terminationes
838 1597 915 1640 voce.
942 1582 1046 1643 leviter
1071 1582 1179 1640 variari
1203 1582 1419 1655 praetermitto.

291 1679 351 1735 Iam
371 1678 451 1737 locus
472 1679 514 1738 ita
530 1684 575 1737 est
589 1683 784 1751 comparatus,
805 1683 838 1734 ut
852 1675 953 1734 eadem
968 1676 1121 1747 sententie,
1142 1674 1246 1733 iisdem
1259 1674 1419 1747 vocabulis,

290 1772 391 1829 eadam
412 1776 442 1829 et
463 1771 609 1844 elegantia
630 1776 661 1828 et
679 1770 886 1843 probabilitate
906 1769 1038 1844 pluribus
1058 1768 1150 1829 modis
1177 1769 1283 1827 variari
1308 1768 1411 1841 possit,

289 1865 386 1937 prouti
407 1865 467 1922 sive
488 1864 566 1923 verb.
588 1859 763 1939 ἐπαντέλλω,
784 1865 846 1923 siae
866 1860 1035 1920 ἀναστέλλω
1055 1861 1229 1936 praefertur.
1259 1862 1306 1921 Ite
1326 1863 1420 1921 evul-

290 1963 360 2029 gata
380 1957 445 2015 elici
464 1962 575 2031 potest:

440 2064 480 2145 μὴ
500 2066 666 2144 πλόκαμοι,
687 2065 825 2144 κυνέηθεν
848 2062 1104 2142 ὑποβρύσαντες,
1125 2063 1274 2144 ἐθείρης,

444 2156 580 2237 ὀξύτερον
601 2155 784 2232 σπεύδοντος,
804 2156 1003 2218 ἕπαντέλλοιεν
1023 2158 1158 2237 ἀῆταις.

287 2285 329 2330 ne
349 2270 508 2329 cincinni
528 2269 591 2328 sub
616 2271 723 2343 galea
742 2271 1038 2345 propullulantcs
1065 2272 1182 2331 ventis
1203 2279 1417 2345 appareant.

287 2364 356 2424 Vel:

440 2455 480 2535 μὴ
500 2457 654 2533 πλοκάμων
675 2456 827 2535 catapan
845 2452 1061 2534 ἐπιβρίσαντες
1080 2454 1241 2535 ἐθείοαις,

442 2547 578 2625 ὀξύτερον
598 2548 778 2623 σπεύδοντος,
799 2547 997 2609 ἐπαντέλλοιεν
1018 2550 1111 2628 ἀῆται.

286 2659 463 2730 navensi,
490 2658 600 2717 ilaris
625 2661 836 2732 ingruentes
858 2662 981 2733 comis,
1007 2667 1165 2733 surgant
1205 2663 1307 2721 Altera
1327 2663 1416 2723 lectio

288 2752 367 2812 ducit
387 2752 424 2810 ad
443 2752 518 2812 haec
537 2751 612 2811 iere:

439 2859 479 2940 μὴ
499 2860 682 2939 πλοκάμους
702 2860 840 2939 κυνέηθεν
861 2858 1133 2938 ὑποβρὺσαντας
1152 2860 1294 2941 ἐθειρης,

442 2952 579 3031 ὀξύτερον
600 2952 782 3029 σπεύδοντος,
802 2953 1004 3014 ἀναστέλλοιεν
1024 2953 1117 3033 ἀῆται.

287 3082 329 3124 ne
351 3066 539 3126 cincinnos
558 3066 620 3125 sub
634 3068 739 3140 galea
752 3064 1059 3140 propullula'ntes,
1082 3065 1291 3127 distrahant
1308 3070 1415 3127 venti.

286 3158 353 3218 Vel·
445 3250 485 3331 μὴ
504 3250 696 3329 πλοκάμους,
719 3250 871 3330 ξανθῇσιν
890 3248 1105 3330 ἐπιβρίσαντες
1124 3249 1283 3330 ἐθείραις,
1336 3207 1339 3215 ⁴

443 3343 580 3423 ὀξύτερον
600 3342 783 3417 σπεύδοντος,
803 3343 1005 3403 ἀναστέλλοιεν
1025 3342 1119 3423 α’ἦται.

287 3472 331 3514 ne
351 3457 539 3516 cinci-nuos
559 3456 657 3514 venti
681 3455 900 3527 distrahant,
926 3456 1035 3516 flavis
1061 3457 1275 3528 ingruentes
1295 3460 1413 3518 comis.

364 3549 404 3607 Et
424 3555 457 3606 ut
477 3550 506 3606 in
527 3549 577 3608 illo
597 3545 728 3627 κυνέῃσιν
749 3549 837 3608 alibi
864 3550 951 3609 etde
972 3550 1157 3608 audencort
1183 3545 1313 3627 ἐθείραις
1338 3555 1415 3625 cogi·

286 3642 344 3699 tari
363 3649 482 3714 posset,
507 3643 549 3700 ita
568 3641 693 3701 fortasse
713 3642 874 3701 hictarius
895 3643 994 3704 vocab.
1015 3641 1169 3721 ξυνοχῇσιν
1189 3641 1264 3702 infra
1284 3661 1309 3702 v.
1331 3643 1414 3705 teti.

291 3734 425 3792 similiter
444 3740 625 3807 usurpatum,
646 3736 776 3809 exsculpi
794 3742 893 3809 potest
911 3736 966 3796 hoc
985 3737 1084 3796 modo:

438 3841 478 3921 μὴ
498 3842 668 3920 πλοκάμων
688 3842 882 3924 ξυνοχῇσιν
902 3844 1102 3922 ἐπιβρίσαντες
1122 3846 1224 3925 ἀῆται

442 3934 582 4013 ὀξύτερον
603 3936 779 4004 σπεύδοντος
801 3935 1000 3998 ἀναστέλλοιεν
1019 3938 1177 4018 ἐθείρας.

287 4064 331 4107 ne
345 4048 591 4109 cincinnorum
604 4050 787 4109 iuncturis
801 4051 1012 4123 ingruentes
1025 4052 1137 4125 venti,
1151 4068 1266 4113 comas
1281 4052 1415 4112 distra-

287 4142 382 4203 hant.
412 4143 439 4202 Ε
460 4142 563 4214 quibus
585 4142 726 4215 omnibus,
748 4144 812 4215 qun
832 4143 920 4219 dieat,
940 4145 1010 4216 quid
1024 4146 1109 4205 unice
1122 4152 1233 4206 certum
1253 4146 1306 4219 sit3
1325 4162 1414 4205 unum
