3208 4848
624 384 857 458 -11'3-

177 596 263 644 versu
283 589 349 655 350,
370 597 427 654 quo
442 581 599 640 Hermione
619 580 691 639 dicit
709 585 831 640 matrem
852 597 932 640 suam
953 586 1085 640 nonunt
1106 577 1230 654 quidem,
1252 579 1301 640 ubi

181 679 286 738 stellae
305 678 437 738 oriantur
457 682 488 735 et
510 690 568 736 nox
586 674 638 735 fiat
662 675 739 735 domi
759 690 936 748 comparere.
977 676 1076 747 itaque
1101 674 1234 746 quoniam
1255 672 1304 732 ab·

178 770 296 830 surdum
319 778 364 832 est
383 777 489 846 putare
508 776 598 830 totum
615 770 691 828 diem
711 771 767 830 isto
787 786 919 829 sermone
940 775 1140 843 consumptum
1161 782 1234 842 csse,
1255 768 1304 827 de-

178 864 324 925 sideratur
344 866 474 924 narratio
496 880 594 922 earum
617 878 715 922 rernm
735 879 810 936 quae
837 864 913 921 inter
938 868 1052 936 tempus
1077 864 1249 921 matutinum
1274 868 1305 922 et

178 960 375 1033 vespertinum
395 957 492 1018 iactae
512 961 587 1015 sunt.
623 956 728 1015 deinde
748 972 835 1014 unum
856 962 886 1015 et
903 958 1065 1016 continuum
1090 958 1114 1015 si
1133 956 1304 1015 haberemus

178 1067 339 1112 sermonem
360 1069 378 1111 a
397 1069 423 1110 v.
445 1059 501 1111 330
522 1049 559 1110 ad
580 1064 605 1108 ν.
627 1056 696 1122 363,
723 1051 772 1122 qui
790 1048 853 1108 deri
877 1051 973 1123 potuit
993 1055 1026 1108 ut
1047 1052 1076 1108 in
1097 1066 1132 1110 00
1157 1052 1222 1125 ipso
1245 1069 1304 1112 ser-

178 1161 262 1204 mone
283 1163 309 1203 v.
325 1147 382 1205 351
398 1161 459 1218 sqq.
474 1145 630 1205 Hermione
650 1150 784 1203 narraret
803 1145 890 1203 silvas
904 1161 937 1203 se
956 1145 1171 1217 pervestigasse
1194 1153 1227 1205 ut
1246 1163 1303 1205 ma-

178 1247 252 1300 trem
278 1241 453 1312 quaereret?
488 1246 634 1313 postremo
663 1257 689 1297 v.
716 1246 773 1299 334
798 1256 900 1298 servae
926 1240 1061 1298 dicuntur
1086 1244 1216 1299 conatae·
1239 1256 1303 1299 esse

180 1333 358 1393 Hermionen
377 1335 519 1403 retinere,
549 1336 601 1394 sed
625 1351 682 1394 non
703 1342 826 1409 apparet
845 1351 940 1408 neque
965 1336 1040 1395 unde
1060 1336 1188 1396 retinere
1207 1337 1304 1396 volue-

181 1428 250 1501 rint,
270 1443 325 1487 nec
345 1443 430 1500 quem
449 1429 504 1488 iste
525 1435 644 1488 conatus
665 1436 796 1487 eventum
816 1429 959 1488 habuerit.
990 1446 1064 1501 qnae
1083 1431 1139 1488 nisi
1160 1429 1304 1488 addantur

181 1520 379 1594 imperfectam
405 1527 488 1596 patet
518 1524 713 1583 narrationem
739 1539 811 1582 esse.
855 1523 958 1596 quibus
983 1524 1160 1596 argumentis
1186 1521 1304 1597 planum

179 1615 306 1675 arbitror
320 1632 385 1676 esse
396 1615 506 1675 iactum
519 1618 618 1690 plures
631 1617 815 1675 intercidisse
829 1632 929 1675 versus
945 1616 1047 1688 quibus
1062 1616 1193 1675 narravit
1207 1615 1303 1675 (10110-

179 1709 245 1768 thns
265 1705 374 1767 frustra
400 1709 457 1766 iam
482 1708 518 1767 ab
539 1709 652 1768 ancillis
672 1709 847 1768 Hermionen
868 1725 932 1767 esse
952 1714 1096 1767 retentam
1122 1709 1210 1768 domi.
1226 1726 1303 1768 eam·

180 1820 236 1877 que
257 1809 361 1862 cuncta
379 1805 599 1878 perquisivisse,
623 1810 657 1862 ut
677 1809 864 1876 cognosceret
883 1802 933 1860 uhi
952 1808 1047 1860 mater
1067 1808 1145 1861 esset
1166 1810 1196 1861 et
1216 1804 1303 1863 silvas

181 1914 297 1971 quoque
321 1899 543 1972 pervestigasse.
583 1898 660 1970 quod
690 1915 776 1970 quum
802 1913 855 1970 per
880 1902 973 1956 totum
998 1896 1074 1955 diem
1094 1895 1226 1970 fecisset,
1250 1898 1303 1957 sub

182 1988 381 2064 crepusculum
409 1990 516 2050 iniecta
540 2008 572 2049 re
592 1991 714 2050 rediisse
740 1996 771 2049 et
796 2008 883 2063 quum
906 1990 1031 2050 nondum
1052 1990 1129 2050 domi
1155 2008 1220 2050 esse
1244 2008 1304 2050 maa

181 2089 256 2144 mem
269 2085 469 2158 intellexisset,
484 2088 526 2145 sic
539 2086 628 2146 verba
641 2085 745 2145 fecisse
758 2083 884 2163 ἀστέρες
898 2091 971 2144 etur
994 2087 1086 2144 Recte
1100 2083 1173 2143 haec
1185 2085 1303 2144 Schnei-

181 2178 249 2252 der,
275 2180 331 2238 nisi
355 2181 431 2252 quod
457 2182 494 2239 de
513 2199 556 2244 vv.
579 2188 643 2240 330.
666 2181 1031 2240 33llocutus1nalenon
1059 2195 1202 2252 apparere
1222 2178 1303 2249 dixit,

182 2272 259 2332 unde
278 2273 465 2334 Hermionam
482 2276 610 2334 retinere
629 2282 751 2335 conatae
771 2276 828 2333 sint
848 2275 979 2333 ancillae.
1014 2274 1071 2332 Est
1090 2273 1165 2332 onim
1188 2268 1303 2347 ἐρύκειν

183 2364 479 2445 στενάχουσαν,ὶάοω
500 2375 587 2441 atque
607 2363 719 2445 ἐρύκειν
743 2365 799 2424 ἀπὸ
818 2367 992 2444 meconio&
1017 2366 1094 2439 quod
1118 2366 1191 2424 vidit
1215 2367 1303 2425 etiam

181 2460 323 2520 Tournier
342 2479 371 2534 p.
393 2469 429 2521 39
450 2462 555 2521 collato
575 2463 678 2522 Nonno
697 2460 782 2520 Dion.
802 2460 831 2518 II
851 2467 922 2520 489:
1186 2456 1189 2463 ’

896 2595 990 2662 Σέλοις
1012 2593 1102 2674 ὑψόθι
1118 2594 1225 2672 βαίνειν

284 2690 318 2751 οὐ
338 2692 434 2770 θέμις·
455 2691 617 2791 ἀστεροπὴν
637 2691 693 2770 γὰρ
713 2689 963 2769 ἀνολρώσκουσοιν
984 2677 1082 2766 ἐρύκει
1103 2689 1131 2761 (ὃ
1148 2690 1224 2767 ἀήρ).

186 2870 218 2880 -
241 2837 304 2897 345
318 2838 403 2897 Ηο00
422 2855 534 2897 versum
554 2845 622 2913 post
640 2856 666 2897 ν.
682 2845 738 2898 333
757 2838 847 2896 habet
859 2837 892 2895 M
912 2838 954 2894 sic
971 2837 1110 2908 scriptum
1131 2833 1234 2911 ἀνέρες
1255 2837 1304 2893 ὑπ-

182 2928 278 2989 νόοοοι
288 2931 336 2989 κοιλ
346 2930 378 2991 ἐν
388 2929 649 2991 σκοπελοιοινιοὺει.
661 2931 800 3003 Sequenti
810 2931 906 2989 versui
916 2927 1302 3004 postponuutLNPRSVW3

183 3025 330 3097 vulgatam
350 3026 455 3100 probat
475 3029 563 3086 etiam
583 3025 742 3087 Schneider
759 3043 788 3099 p.
806 3031 871 3083 408.
895 3057 925 3066 -
951 3021 1085 3081 ὁπνόοοοι
1105 3023 1216 3095 MAQ3
1237 3041 1305 3080 σκο-

182 3115 291 3176 πέλοιοι
307 3120 343 3192 (1;
363 3118 542 3177 σκοπέλοισιν
556 3122 586 3178 10
600 3121 792 3194 suspicionem
805 3118 919 3178 vocavit
933 3117 1090 3178 Schneider
1111 3135 1138 3193 p.
1151 3125 1217 3177 408.
1232 3125 1288 3178 400
1296 3111 1309 3176 ε’

186 3229 269 3271 »nam
289 3210 426 3271 σκόπελοι
446 3230 548 3287 parum
569 3218 637 3287 apte
657 3218 840 3287 opponuntur
860 3211 971 3284 domui,
991 3227 1085 3283 neque
1106 3212 1182 3282 enim
1204 3212 1304 3272 01000

183 3305 261 3365 domi
283 3312 347 3365 eret
366 3307 492 3380 Helena,
513 3306 581 3365 inde
602 3306 780 3366 efficiebatur
800 3301 832 3362 ἐν
853 3303 1007 3369 σκοπέλοις
1026 3321 1090 3363 eam
1109 3306 1232 3377 morari,
1252 3305 1305 3363 sed

185 3402 281 3474 potuit
300 3402 388 3461 etiam
406 3403 436 3459 in
456 3402 536 3460 silvis
556 3417 620 3459 esse
641 3400 743 3460 autad
757 3397 872 3471 flumen,
897 3399 927 3456 in
941 3400 1066 3472 scopulis
1080 3402 1177 3456 autem
1190 3397 1304 3470 potissi·

182 3512 259 3554 mum
285 3512 349 3556 earn
368 3498 475 3556 morari
500 3497 576 3554 unde
602 3501 699 3554 tamen
719 3493 876 3554 coniecerit
895 3491 1070 3553 Hermione?
1094 3508 1151 3550 non
1171 3490 1305 3549 dubitan-

183 3588 252 3647 dum
271 3590 361 3663 igitur
381 3592 449 3663 quin
469 3586 500 3648 ἐν
526 3586 707 3647 σκοπέλοισιν
732 3593 899 3661 corruptum
925 3587 977 3659 sit,
1003 3587 1050 3643 001
1074 3583 1306 3644 substituendum

183 3698 248 3742 0000
274 3684 448 3744 arbitramur
472 3681 503 3741 ἐν
529 3680 708 3741 οκοτέεσοιν.
754 3697 820 3739 nem
846 3679 954 3745 σκότος
983 3696 1185 3752 nonnunquam
1211 3681 1306 3739 locum

186 3777 337 3838 obscurum
359 3783 389 3838 et
409 3780 445 3838 ab
465 3780 521 3838 hae
540 3778 696 3837 communis
716 3776 794 3835 vitae
814 3777 948 3835 claritate
972 3776 1195 3835 remotissimum
1219 3774 1308 3847 signi·

187 3870 255 3931 licat
274 3879 308 3932 nt
325 3875 356 3932 in
368 3874 567 3948 Xenophontis
580 3870 672 3931 Anab.
688 3878 715 3944 2,
734 3878 760 3942 ὅ,
782 3870 813 3928 l:
835 3866 882 3926 τὸν
904 3866 959 3945 γὰρ
978 3866 1056 3925 θεῶν
1076 3867 1198 3943 πόλεμον
1213 3867 1308 3934 -εἷς

181 3968 260 4025 ποῖον
280 3959 315 4024 ἂν
336 3965 445 4032 σκότος
464 3965 619 4044 ἀποδροίη;
645 3970 773 4025 cetorum
794 3963 819 4021 01
839 3963 903 4035 quis
928 3967 1081 4035 praestare
1106 3956 1306 4036 putaresne

182 4061 337 4119 οκοτίοιοιν
358 4060 490 4134 equidem
510 4077 567 4119 uon
586 4059 783 4132 refragator«
827 4057 908 4117 Haec
928 4056 1090 4117 Schneider
1114 4073 1218 4130 parum
1243 4055 1307 4115 feli·

181 4153 269 4226 0110ος
288 4155 425 4226 vulgatae
444 4154 561 4214 lectioni
580 4153 659 4213 favet
675 4154 763 4212 etiarn
782 4170 808 4214 v.
823 4155 888 4212 347.
919 4152 1076 4223 vulgatam
1093 4150 1169 4210 tueri
1185 4154 1307 4209 conatus

233 4251 258 4291 n.
272 4250 355 4298 0001,
374 4240 496 4294 colluthus.
1085 4245 1103 4295 8
