3210 4836
730 425 923 489 ..8-

345 607 460 674 Restat
486 612 523 674 ut
550 608 592 674 de
620 607 800 690 codicibus,
837 628 973 693 quornm
1001 610 1162 694 integram
1190 610 1393 677 collationem

259 716 344 784 notis
371 718 506 798 inserui,
536 733 643 803 pauca
670 739 828 786 moneam.
878 720 960 786 Sunt
986 725 1095 786 anmm
1120 720 1171 800 hi,
1202 740 1285 804 quos
1309 718 1387 787 solis

261 818 334 892 GR
356 828 499 911 exceptis
521 846 632 893 omues
653 828 723 913 ipse
744 828 864 896 contuli
887 828 1079 914 (ubicunqne
1092 830 1127 895 in
1140 829 1226 896 notis
1245 828 1392 897 codicum

260 936 358 1020 siglas
386 937 476 1003 uncis
504 938 717 1019 circumdedi,
745 940 787 1005 de
813 938 960 1007 codicum
987 941 1146 1024 scriptura
1168 939 1332 1006 collatoris
1351 939 1394 1006 si-

211 1040 214 1044 ⁴
259 1045 360 1112 lentio
382 1052 510 1114 tantum
533 1050 690 1133 constat):

343 1165 388 1234 Μ
424 1194 508 1240 nunc
535 1174 699 1242 Parisinus
729 1177 835 1260 suppl.
864 1195 912 1260 gr.
936 1177 1016 1257 388,
1046 1176 1237 1244 aBekkero
1258 1199 1332 1244 cum
1352 1194 1394 1245 cx

262 1284 361 1352 Italia
383 1284 548 1369 superiore
562 1284 703 1353 Parisios
723 1286 883 1353 adductus
898 1307 968 1353 esse
983 1287 1124 1353 creditus
1138 1288 1182 1353 sit
1203 1289 1394 1356 Mutinensis

259 1395 451 1482 appellatus,
474 1415 495 1460 a
516 1394 657 1461 secunda
672 1395 780 1481 aliqua
801 1417 900 1463 manu
922 1397 1014 1482 (Ma)
1038 1396 1181 1462 eiusdem
1202 1402 1239 1464 ut
1259 1399 1389 1466 ridetur

261 1526 301 1573 ac
324 1505 477 1573 librarius
500 1505 627 1586 aetatis,
650 1504 842 1589 aliquotiens
863 1511 1039 1587 correctus,
1062 1506 1183 1572 saeculi
1208 1511 1247 1574 ut
1267 1508 1396 1575 videtur

259 1617 389 1696 decimi,
422 1615 478 1698 qui
507 1621 637 1699 praeter
663 1615 931 1697 Homerocentra‚
961 1615 1150 1701 Dionysium
1176 1616 1387 1702 Periegctam
1502 1695 1504 1699 ¹

259 1722 485 1810 Theognidem
502 1725 593 1806 aiios,
609 1724 794 1793 Colluthum
809 1726 936 1812 quoque
951 1729 1103 1794 continet.
1130 1728 1230 1795 Liber
1251 1728 1393 1796 omnium

260 1836 566 1923 praestantissimus,
590 1837 646 1919 qui
667 1857 781 1902 novem
803 1859 913 1904 versus
934 1839 1119 1905 incaeteris
1142 1838 1305 1905 codicibus
1326 1860 1393 1906 om·

258 1948 352 2014 nibus
374 1945 512 2013 omissos
534 1946 621 2013 solus
642 1947 752 2028 habet,
776 1952 811 2014 et
832 1950 883 2014 cui
904 1949 1059 2015 maiorem
1081 1950 1180 2015 etiam
1201 1968 1299 2032 quam
1319 1947 1392 2014 reli-

258 2059 314 2144 qui
335 2061 411 2124 ante
431 2077 483 2122 me
505 2055 609 2123 critici
622 2057 849 2124 auctoritatem
870 2057 980 2124 tribui.
1017 2057 1146 2124 Primus
1161 2079 1234 2125 eum
1257 2055 1393 2125 contulit

257 2166 387 2234 Bekker
416 2166 707 2251 neglegentissime,
741 2173 824 2233 tum·
840 2166 943 2234 multo
972 2168 1154 2254 diligentius
1183 2174 1218 2235 et
1246 2168 1391 2234 maxima

262 2287 335 2347 cum
358 2277 502 2344 utilitate
523 2276 662 2359 Pressel,
684 2279 774 2344 cuius
789 2278 917 2346 collatio
937 2278 1059 2363 publici
1078 2280 1156 2345 iuris
1178 2278 1266 2345 iacta
1287 2264 1395 2344 est‘in

256 2389 423 2473 Philologc
453 2388 530 2472 Vp·
548 2389 741 2455 169-170.
786 2390 868 2455 Tum
898 2387 1011 2455 Edwin
1032 2388 1146 2473 Patzig
1171 2388 1315 2455 codicem
1344 2386 1391 2454 in·-

256 2499 400 2584 spexisse
428 2499 549 2564 dicitur
577 2518 598 2563 a
626 2499 801 2566 Tournerio
827 2519 860 2583 p.
875 2501 906 2565 8.
934 2499 1024 2566 cuius
1045 2499 1177 2566 collatio
1201 2519 1244 2566 an
1273 2496 1393 2565 alicubi
1422 2508 1425 2509 ’

257 2608 347 2675 adita
369 2609 421 2689 sit,
443 2609 562 2675 nescio.
607 2608 765 2676 Tournier
785 2610 855 2692 ipse
876 2610 976 2675 totius
996 2609 1114 2676 codicis
1129 2609 1334 2676 collationem
1356 2627 1392 2673 sa

258 2718 419 2785 editurum
442 2739 513 2785 esse
527 2718 647 2784 ibidem
663 2719 822 2802 promisit,
844 2739 949 2803 neque
969 2724 1080 2786 tamen
1101 2718 1266 2804 promissis
1290 2716 1391 2797 stetit,

257 2840 333 2887 nam
362 2822 395 2886 in
424 2821 533 2889 libello
555 2833 656 2906 supra
677 2826 927 2889 commemorato
949 2821 993 2887 ad
1013 2843 1069 2889 eos
1090 2826 1218 2887 tantum
1240 2827 1392 2894 carminis

258 2930 347 3000 locos
374 2924 493 2999 codicis
520 2931 771 3015 discrepantiam
797 2931 987 3017 adscripsit,
1017 2948 1099 3016 quos
1120 2935 1309 3005 tractandos
1330 2937 1395 3017 sibi-

258 3048 450 3127 sumpserat.
494 3043 585 3109 Haec
612 3043 743 3111 collatio
770 3043 871 3111 multo
901 3063 998 3127 quam
1025 3049 1173 3111 caeterae
1195 3050 1272 3113 ante
1293 3048 1392 3114 Tour-

257 3153 382 3219 nsrium
404 3153 578 3220 correctior
592 3158 651 3234 est
673 3164 774 3238 'coque
792 3154 949 3238 imprimis
963 3156 1091 3221 nomine
1105 3155 1280 3239 laudanda,
1303 3155 1392 3241 quod

130 3327 136 3335 ,
257 3263 291 3328 in
313 3282 353 3328 ea
375 3263 730 3348 primum‘aduotatum
750 3263 909 3330 invenitur
929 3265 964 3330 in
982 3264 1017 3328 M
1031 3264 1201 3333 nonnullos
1222 3286 1334 3333 versus
1356 3266 1391 3332 in

257 3372 396 3440 aliorum
416 3394 564 3440 versuum
593 3380 631 3442 ut
655 3375 782 3442 videtur
803 3394 919 3442 rasura
939 3375 983 3442 ab
1003 3375 1072 3442 alia
1093 3377 1151 3442 sed
1172 3376 1298 3458 primae
1319 3392 1388 3442 ma·

257 3483 314 3548 nui
334 3503 454 3550 coaeva
469 3503 569 3550 mauu
590 3484 683 3570 (mihi
696 3484 730 3550 M
745 3486 779 3570 3)
796 3491 947 3553 exaratos
967 3506 1048 3552 esse
1081 3484 1218 3562 Quintus
1241 3505 1299 3570 ego
1319 3485 1391 3570 ipse

259 3591 536 3676 diligentissimam
563 3592 658 3660 huius
679 3595 798 3662 codicis
820 3595 1024 3662 collationem
1046 3592 1182 3676 conieci,
1204 3605 1302 3680 quam
1322 3593 1393 3662 ubi·

261 3708 385 3786 cunque
406 3722 428 3768 a
449 3704 616 3771 Touruerii
637 3705 807 3774 collatione
829 3705 1067 3790 discrepantem
1088 3702 1227 3790 repperi,
1248 3705 1393 3774 codicem

260 3812 377 3879 iterum
408 3835 469 3896 pro
496 3835 548 3881 me
569 3816 711 3900 inspexit
737 3816 785 3881 ¹vir
807 3815 1008 3882 doctissimus
1030 3820 1063 3881 et
1085 3835 1163 3899 erga
1184 3836 1236 3882 me
1257 3816 1395 3884 benevo-

259 3921 454 3990 lentissimae
475 3924 633 3992 Heuricus
656 3925 783 3993 Omont.
878 3998 880 4002 ,

344 4033 474 4119 Reliqui
502 4035 627 4105 codices
654 4047 737 4118 quos
759 4037 792 4101 in
815 4035 901 4104 notis
922 4054 1020 4120 saepe
1043 4035 1237 4104 deteriorum
1259 4035 1394 4103 nomine

259 4145 445 4231 complexus
467 4167 539 4214 sum
561 4148 595 4213 hi
616 4151 706 4214 sunt:
1287 4155 1288 4159 ’
