3210 4836
670 394 859 459 ..9-

281 615 320 684 Α
358 588 587 679 Ambrosianus
602 613 660 691 Qe
690 631 761 695 sup.
782 631 865 678 saec.
880 610 941 677 XV
954 611 1049 678 chart
1064 612 1098 677 in
1112 613 1148 678 4⁰
1178 611 1256 679 olim
1279 611 1327 683 Io.

201 732 290 800 Vino
306 730 428 798 Pinelli.
445 730 594 797 Continet
608 728 742 795 Triohae
763 729 915 812 synopsin
938 729 979 795 de
1000 730 1113 795 metris
1134 750 1257 813 norem,
1273 731 1328 798 Li·

200 843 288 910 hauii
309 841 492 927 epistolicos
513 841 725 920 characteres,
748 838 941 918 Colluthum
964 839 1230 923 Tryphiodcrum.
1275 842 1326 907 Ex

202 954 264 1020 hoo
284 953 394 1019 codice
416 949 599 1018 Colluthum
617 949 720 1016 edidit
733 947 919 1017 Theodorus
934 949 1029 1031 Villa,
1052 952 1107 1035 qui
1128 951 1227 1017 etiam
1250 970 1328 1018 uon·

137 1047 151 1059 ’
202 1062 306 1130 nullas
327 1062 464 1146 glossas,
491 1080 574 1147 quae
600 1061 757 1144 plurimae
785 1060 819 1126 in
847 1060 957 1127 codice
979 1065 1091 1127 extant
1111 1060 1253 1144 imprimi
1274 1080 1329 1126 cu·

202 1175 294 1239 ravit
322 1173 409 1250 Quas
423 1176 545 1257 utpote
556 1171 678 1237 minimi
691 1171 787 1255 pretii
801 1191 911 1238 omnes
926 1171 1020 1238 omisi
1035 1172 1118 1236 sicut
1131 1190 1186 1236 eas
1199 1190 1328 1259 quoque

203 1301 283 1368 quas
304 1282 498 1350 scholiorum
518 1282 645 1348 nemius
665 1282 834 1365 insignitas
855 1282 957 1348 Inlien
978 1302 1017 1347 ex
1032 1281 1060 1358 Q
1074 1281 1219 1366 protulit
1253 1282 1329 1348 Am·

202 1392 344 1459 brosiaui
363 1392 482 1459 codicis
503 1394 627 1457 »ramas
648 1391 801 1458 lectiones
821 1397 990 1474 excerptas
1006 1392 1069 1458 ad.
1087 1391 1215 1458 Abbate
1231 1390 1327 1472 Villa,

203 1510 335 1570 curante
357 1503 555 1586 amplissimo
577 1502 758 1569 marchione
777 1502 946 1568 Theodoro
962 1501 1145 1567 Alexandro
1159 1501 1327 1581 Trirulcio‚

202 1619 337 1699 rogante
352 1613 390 1679 A.
405 1613 442 1678 F.
454 1612 571 1681 Gorio«
596 1613 640 1678 ad
654 1611 849 1696 exemplaris
864 1613 1008 1679 Lectiani
1021 1614 1197 1695 marginem
1218 1616 1328 1677 enotu-

202 1728 255 1791 tas
288 1724 405 1791 Oxonii
432 1726 466 1789 in
501 1723 702 1789 Bibliotheca
728 1722 906 1791 Bodleiana
933 1723 1018 1790 inter
1046 1721 1189 1788 Dorrillii
1217 1741 1328 1789 mauu·

203 1833 325 1918 scripta
345 1833 399 1919 (X.
418 1838 446 1914 l,
461 1836 492 1913 4,
510 1835 566 1916 27)
587 1832 663 1899 ridi
707 1831 901 1899 ADorvillio
922 1852 978 1899 eas
1000 1836 1125 1916 accepit
1137 1833 1277 1916 Lennep.

282 1988 315 2058 0
357 1987 428 2055 cod
449 1987 613 2053 Parisinus
640 1987 747 2071 suppl.
768 2006 814 2070 gr.
840 1987 901 2052 109
922 1984 1064 2052 chartac.
1090 2004 1175 2051 saco.
1203 1985 1263 2051 XV
1284 1985 1327 2052 ah

204 2106 318 2174 eadem
338 2110 376 2173 ut
391 2105 518 2172 videtur
538 2126 635 2172 manu
658 2106 858 2173 vitiosissime
879 2106 1018 2190 scriptus
1040 2126 1105 2190 qua
1126 2104 1254 2173 celeber
1274 2104 1329 2173 ille

205 2216 314 2295 Quinti
340 2217 507 2302 Smyrnaei
536 2217 638 2283 codex
665 2215 878 2299 Monacensis3
905 2216 1017 2298 glossis
1042 2216 1197 2300 plurimis,
1220 2215 1329 2283 latinis

201 2347 327 2413 quoqne
340 2328 543 2406 intermixtis,
561 2327 700 2392 refertus
722 2331 781 2391 est.
814 2325 939 2391 Primus
958 2330 1035 2408 post
1052 2324 1230 2408 Patzigium
1253 2345 1328 2393 cou-

202 2437 279 2504 tulit
291 2438 446 2503 Teurnier
467 2438 532 2521 (oui
553 2443 624 2503 erat
648 2436 699 2520 0),
722 2437 778 2520 qui
792 2454 913 2520 paucas
926 2441 1052 2503 tautum
1066 2457 1106 2503 ex
1120 2457 1160 2503 eo
1173 2436 1328 2505 lectiones

202 2547 350 2631 protulit3
371 2546 486 2613 tertius
507 2566 567 2630 ego
588 2547 716 2613 contuli.

284 2693 321 2764 G
360 2689 462 2758 codex
477 2691 645 2759 Gothauns
660 2713 700 2759 ex
721 2691 927 2777 antiquarum
944 2691 1120 2760 editionum
1142 2693 1253 2777 aliqua
1275 2700 1330 2773 (ex

203 2810 294 2880 Porti
315 2811 456 2879 editione
478 2817 515 2878 ut
535 2811 613 2879 mihi
635 2812 766 2896 quidem
791 2812 929 2896 uidetur)
953 2812 1131 2895 descriptus
1153 2818 1215 2893 est,
1243 2812 1330 2897 quod

202 2922 325 3005 primus
345 2922 425 2988 vidit
447 2923 484 2988 0.
500 2922 682 2991 Schneider.
730 2922 809 2988 Eius
835 2922 987 2990 lectiones
1006 2922 1129 3007 publici
1153 2923 1233 2989 iuris
1253 2922 1331 2990 fecit

203 3030 256 3097 Fr.
284 3030 412 3097 Passow
447 3033 480 3097 iu
507 3032 594 3099 calce
628 3032 751 3098 Musaei
783 3052 814 3098 a.
851 3033 934 3097 1810
966 3031 1096 3115 Lipsiae
1128 3052 1149 3099 s
1179 3052 1214 3099 se
1250 3032 1331 3099 editi

206 3160 239 3226 p.
255 3142 446 3207 168-170.

282 3285 316 3356 1·
359 3285 430 3353 cod
452 3285 550 3353 Lanr.
572 3286 653 3371 plut.
674 3286 781 3354 XXXI
803 3286 874 3354 cod.
895 3289 937 3352 27
959 3287 1061 3354 chart
1084 3307 1168 3355 saec
1183 3288 1245 3355 XV
1265 3290 1330 3358 col-

205 3402 291 3473 latus
312 3405 410 3473 etiam
432 3426 454 3472 a
475 3404 635 3473 Biscionio
654 3428 685 3474 a.
702 3409 795 3474 1745.
839 3410 928 3487 Quae
940 3407 1115 3474 Dorvillius
1135 3427 1177 3475 ex
1193 3398 1236 3474 'eo
1258 3427 1330 3476 eno

206 3519 333 3582 maeret
348 3521 383 3584 et
403 3537 476 3583 cum
491 3516 654 3602 Lenuepio
669 3517 922 3596 communicarit,
945 3524 1152 3583 asservantur
1164 3518 1198 3583 iu
1219 3516 1330 3586 codice

204 3624 380 3694 Bodleiano
401 3645 500 3712 supra
520 3626 664 3694 laudato.
782 3716 788 3727 .

284 3794 323 3864 N
364 3795 434 3864 eod.
450 3796 681 3881 Neapolitanus
703 3796 773 3863 llF
787 3801 836 3879 17,
858 3796 961 3864 chart.
976 3819 1061 3866 saec.
1075 3799 1138 3865 XV
1159 3798 1202 3867 ab
1216 3798 1331 3867 eadem

204 3932 303 3980 manu
324 3934 390 3997 qua
411 3914 521 3992 Quinti
540 3916 709 4001 Smyrnaei
730 3916 832 3984 codex
846 3916 1079 3985 Parrhasianus
1092 3917 1329 4001 praestantissi-

204 4042 277 4091 mus
299 4028 461 4092 exaratus.
488 4026 591 4094 Huius
613 4028 731 4095 codicis
751 4027 881 4095 collatio
901 4029 1074 4097 innumeris
1096 4029 1181 4095 vitiis
1202 4033 1331 4097 scamus

205 4134 339 4203 editioni
360 4134 576 4219 Weigelianae
596 4138 721 4207 adiecta
743 4145 802 4206 est.
1331 4137 1334 4141 ’
