<?xml version="1.0" encoding="UTF-8"?>
<!DOCTYPE html PUBLIC "-//W3C//DTD XHTML 1.0 Transitional//EN"
    "http://www.w3.org/TR/xhtml1/DTD/xhtml1-transitional.dtd">
<html xmlns="http://www.w3.org/1999/xhtml" xml:lang="en" lang="en">
 <head>
  <title>
</title>
<meta http-equiv="Content-Type" content="text/html;charset=utf-8" />
  <meta name='ocr-system' content='tesseract 3.04.00' />
  <meta name='ocr-capabilities' content='ocr_page ocr_carea ocr_par ocr_line ocrx_word'/>
</head>
<body>
  <div class='ocr_page' id='page_1' title='image "./colluthilycopol01abelgoog_0096.png"; bbox 0 0 3208 4848; ppageno 0'>
   <div class='ocr_carea' id='block_1_1' title="bbox 618 423 829 485">
    <p class='ocr_par' dir='ltr' id='par_1_1' title="bbox 618 423 829 485">
     <span class='ocr_line' id='line_1_1' title="bbox 618 423 829 485; baseline 0 -17"><span class='ocrx_word' id='word_1_1' title='bbox 618 423 829 485; x_wconf 77' lang='lat'>..91-</span> 
     </span>
    </p>
   </div>
   <div class='ocr_carea' id='block_1_2' title="bbox 104 595 1290 4228">
    <p class='ocr_par' dir='ltr' id='par_1_2' title="bbox 104 595 1290 4228">
     <span class='ocr_line' id='line_1_2' title="bbox 167 595 1285 680; baseline 0.001 -16"><span class='ocrx_word' id='word_1_2' title='bbox 167 604 219 664; x_wconf 88' lang='lat' dir='ltr'>hoo</span> <span class='ocrx_word' id='word_1_3' title='bbox 239 610 361 677; x_wconf 82' lang='lat' dir='ltr'>certum,</span> <span class='ocrx_word' id='word_1_4' title='bbox 380 622 475 679; x_wconf 86' lang='lat' dir='ltr'>neque</span> <span class='ocrx_word' id='word_1_5' title='bbox 494 606 645 680; x_wconf 87' lang='lat' dir='ltr'>Lennepii,</span> <span class='ocrx_word' id='word_1_6' title='bbox 667 622 759 679; x_wconf 90' lang='lat' dir='ltr'>neque</span> <span class='ocrx_word' id='word_1_7' title='bbox 779 595 916 665; x_wconf 79' lang='lat' dir='ltr'>Bekkem‘</span> <span class='ocrx_word' id='word_1_8' title='bbox 927 607 1079 665; x_wconf 78' lang='lat' dir='ltr'>lectionem</span> <span class='ocrx_word' id='word_1_9' title='bbox 1101 623 1199 665; x_wconf 88' lang='lat' dir='ltr'>sanam</span> <span class='ocrx_word' id='word_1_10' title='bbox 1220 622 1285 665; x_wconf 88' lang='lat' dir='ltr'>esse</span> 
     </span>
     <span class='ocr_line' id='line_1_3' title="bbox 167 696 1288 779; baseline 0.001 -23"><span class='ocrx_word' id='word_1_11' title='bbox 167 714 276 771; x_wconf 77' lang='lat' dir='ltr'>possa«</span> <span class='ocrx_word' id='word_1_12' title='bbox 300 730 334 740; x_wconf 89' lang='lat'>-</span> <span class='ocrx_word' id='word_1_13' title='bbox 357 696 420 758; x_wconf 78' lang='lat'>286</span> <span class='ocrx_word' id='word_1_14' title='bbox 441 696 559 773; x_wconf 69' lang='grc' dir='ltr'><em>ολοσιμὲν</em></span> <span class='ocrx_word' id='word_1_15' title='bbox 572 700 618 772; x_wconf 89' lang='grc' dir='ltr'>Μ;</span> <span class='ocrx_word' id='word_1_16' title='bbox 640 697 785 779; x_wconf 77' lang='grc' dir='ltr'><em>ὺπύδμητα</em></span> <span class='ocrx_word' id='word_1_17' title='bbox 797 700 838 771; x_wconf 87' lang='grc' dir='ltr'>Μ,</span> <span class='ocrx_word' id='word_1_18' title='bbox 858 696 1014 762; x_wconf 78' lang='grc' dir='ltr'><em>αἰπύδιιετα</em></span> <span class='ocrx_word' id='word_1_19' title='bbox 1034 700 1060 759; x_wconf 90' lang='lat' dir='ltr'><strong>G</strong></span> <span class='ocrx_word' id='word_1_20' title='bbox 1081 705 1111 758; x_wconf 88' lang='lat' dir='ltr'>et</span> <span class='ocrx_word' id='word_1_21' title='bbox 1132 700 1177 758; x_wconf 88' lang='lat' dir='ltr'>ed.</span> <span class='ocrx_word' id='word_1_22' title='bbox 1197 699 1288 773; x_wconf 87' lang='lat' dir='ltr'>Porti,</span> 
     </span>
     <span class='ocr_line' id='line_1_4' title="bbox 166 787 1288 870; baseline 0.002 -22"><span class='ocrx_word' id='word_1_23' title='bbox 166 787 313 869; x_wconf 72' lang='grc' dir='ltr'><em>ἐπιλλμηται</em></span> <span class='ocrx_word' id='word_1_24' title='bbox 328 793 366 866; x_wconf 73' lang='lat' dir='ltr'>Q3</span> <span class='ocrx_word' id='word_1_25' title='bbox 386 790 554 868; x_wconf 82' lang='grc' dir='ltr'><em>φιλοξεινιον</em></span> <span class='ocrx_word' id='word_1_26' title='bbox 566 793 608 866; x_wconf 85' lang='grc' dir='ltr'>Μ,</span> <span class='ocrx_word' id='word_1_27' title='bbox 629 791 804 870; x_wconf 80' lang='grc' dir='ltr'><em>φολοξείνων</em></span> <span class='ocrx_word' id='word_1_28' title='bbox 818 793 851 865; x_wconf 86' lang='lat' dir='ltr'>S;</span> <span class='ocrx_word' id='word_1_29' title='bbox 874 792 1027 869; x_wconf 73' lang='grc' dir='ltr'><em>ναετεζοιον</em></span> <span class='ocrx_word' id='word_1_30' title='bbox 1042 793 1184 866; x_wconf 83' lang='lat' dir='ltr'>PSVW3</span> <span class='ocrx_word' id='word_1_31' title='bbox 1206 789 1288 850; x_wconf 83' lang='grc' dir='ltr'><em>ἀναε-</em></span> 
     </span>
     <span class='ocr_line' id='line_1_5' title="bbox 166 884 1288 963; baseline 0.004 -22"><span class='ocrx_word' id='word_1_32' title='bbox 166 902 260 962; x_wconf 85' lang='grc' dir='ltr'><em>τηρων</em></span> <span class='ocrx_word' id='word_1_33' title='bbox 280 902 317 942; x_wconf 92' lang='lat' dir='ltr'>m.</span> <span class='ocrx_word' id='word_1_34' title='bbox 337 903 381 959; x_wconf 88' lang='lat' dir='ltr'>pr.</span> <span class='ocrx_word' id='word_1_35' title='bbox 402 886 432 944; x_wconf 91' lang='lat' dir='ltr'>in</span> <span class='ocrx_word' id='word_1_36' title='bbox 454 887 492 959; x_wconf 77' lang='lat' dir='ltr'>Q,</span> <span class='ocrx_word' id='word_1_37' title='bbox 517 904 554 945; x_wconf 90' lang='lat' dir='ltr'>m.</span> <span class='ocrx_word' id='word_1_38' title='bbox 575 895 592 946; x_wconf 84' lang='lat'>2</span> <span class='ocrx_word' id='word_1_39' title='bbox 619 903 707 961; x_wconf 90' lang='lat' dir='ltr'>supra</span> <span class='ocrx_word' id='word_1_40' title='bbox 732 906 785 963; x_wconf 88' lang='grc' dir='ltr'>τηρ</span> <span class='ocrx_word' id='word_1_41' title='bbox 812 886 950 960; x_wconf 82' lang='lat' dir='ltr'><strong>syllabam</strong></span> <span class='ocrx_word' id='word_1_42' title='bbox 977 884 1031 943; x_wconf 88' lang='grc' dir='ltr'><em>κτύ</em></span> <span class='ocrx_word' id='word_1_43' title='bbox 1058 887 1186 959; x_wconf 83' lang='lat' dir='ltr'>addidit,</span> <span class='ocrx_word' id='word_1_44' title='bbox 1211 886 1288 946; x_wconf 89' lang='lat' dir='ltr'>unde</span> 
     </span>
     <span class='ocr_line' id='line_1_6' title="bbox 165 977 1289 1056; baseline 0.002 -20"><span class='ocrx_word' id='word_1_45' title='bbox 165 978 266 1052; x_wconf 89' lang='lat' dir='ltr'>Iulien,</span> <span class='ocrx_word' id='word_1_46' title='bbox 288 981 338 1052; x_wconf 86' lang='lat' dir='ltr'>qui</span> <span class='ocrx_word' id='word_1_47' title='bbox 358 986 503 1039; x_wconf 85' lang='lat' dir='ltr'>caeterum</span> <span class='ocrx_word' id='word_1_48' title='bbox 523 987 603 1039; x_wconf 86' lang='lat' dir='ltr'>reote</span> <span class='ocrx_word' id='word_1_49' title='bbox 623 980 695 1038; x_wconf 89' lang='lat' dir='ltr'>vidit</span> <span class='ocrx_word' id='word_1_50' title='bbox 716 978 877 1056; x_wconf 76' lang='grc' dir='ltr'><em>αἰπύδμητα</em></span> <span class='ocrx_word' id='word_1_51' title='bbox 898 977 1019 1055; x_wconf 84' lang='grc' dir='ltr'><em>δώματα</em></span> <span class='ocrx_word' id='word_1_52' title='bbox 1038 977 1205 1055; x_wconf 82' lang='grc' dir='ltr'><em>φιλοξείνων</em></span> <span class='ocrx_word' id='word_1_53' title='bbox 1226 999 1289 1038; x_wconf 93' lang='grc' dir='ltr'><em>ναε-</em></span> 
     </span>
     <span class='ocr_line' id='line_1_7' title="bbox 166 1069 1288 1149; baseline 0.003 -22"><span class='ocrx_word' id='word_1_54' title='bbox 166 1069 257 1149; x_wconf 75' lang='grc' dir='ltr'><em>τηρων</em></span> <span class='ocrx_word' id='word_1_55' title='bbox 278 1073 349 1132; x_wconf 90' lang='lat' dir='ltr'>nihil</span> <span class='ocrx_word' id='word_1_56' title='bbox 370 1072 450 1132; x_wconf 91' lang='lat' dir='ltr'>aliud</span> <span class='ocrx_word' id='word_1_57' title='bbox 475 1088 539 1132; x_wconf 89' lang='lat' dir='ltr'>esse</span> <span class='ocrx_word' id='word_1_58' title='bbox 564 1089 650 1145; x_wconf 87' lang='lat' dir='ltr'>qnam</span> <span class='ocrx_word' id='word_1_59' title='bbox 676 1074 786 1145; x_wconf 86' lang='lat' dir='ltr'>regiam</span> <span class='ocrx_word' id='word_1_60' title='bbox 806 1073 935 1135; x_wconf 81' lang='lat' dir='ltr'>Menelai</span> <span class='ocrx_word' id='word_1_61' title='bbox 961 1073 1092 1141; x_wconf 87' lang='lat' dir='ltr'>domum,</span> <span class='ocrx_word' id='word_1_62' title='bbox 1117 1071 1288 1149; x_wconf 81' lang='grc' dir='ltr'><em>φιλοξείνοιο</em></span> 
     </span>
     <span class='ocr_line' id='line_1_8' title="bbox 165 1160 1287 1240; baseline 0.004 -19"><span class='ocrx_word' id='word_1_63' title='bbox 165 1160 297 1230; x_wconf 83' lang='grc' dir='ltr'><em>ἄνακτος</em></span> <span class='ocrx_word' id='word_1_64' title='bbox 317 1165 409 1224; x_wconf 78' lang='lat' dir='ltr'>edidit</span> <span class='ocrx_word' id='word_1_65' title='bbox 433 1165 574 1238; x_wconf 83' lang='lat' dir='ltr'>probante</span> <span class='ocrx_word' id='word_1_66' title='bbox 596 1166 722 1225; x_wconf 75' lang='lat' dir='ltr'>censore</span> <span class='ocrx_word' id='word_1_67' title='bbox 742 1165 992 1240; x_wconf 82' lang='lat' dir='ltr'>Heidelbergensi.</span> <span class='ocrx_word' id='word_1_68' title='bbox 1034 1166 1092 1226; x_wconf 83' lang='lat' dir='ltr'>Sed</span> <span class='ocrx_word' id='word_1_69' title='bbox 1113 1173 1193 1225; x_wconf 86' lang='lat' dir='ltr'>reete</span> <span class='ocrx_word' id='word_1_70' title='bbox 1213 1167 1287 1225; x_wconf 93' lang='lat' dir='ltr'>Her-</span> 
     </span>
     <span class='ocr_line' id='line_1_9' title="bbox 165 1259 1286 1334; baseline 0.003 -19"><span class='ocrx_word' id='word_1_71' title='bbox 165 1272 249 1317; x_wconf 83' lang='lat' dir='ltr'>mann</span> <span class='ocrx_word' id='word_1_72' title='bbox 277 1275 306 1331; x_wconf 86' lang='lat' dir='ltr'>p.</span> <span class='ocrx_word' id='word_1_73' title='bbox 329 1265 377 1318; x_wconf 87' lang='lat'>18:</span> <span class='ocrx_word' id='word_1_74' title='bbox 405 1259 468 1317; x_wconf 80' lang='lat' dir='ltr'>»vel</span> <span class='ocrx_word' id='word_1_75' title='bbox 488 1265 624 1318; x_wconf 82' lang='lat' dir='ltr'>accentus</span> <span class='ocrx_word' id='word_1_76' title='bbox 649 1265 809 1319; x_wconf 87' lang='lat' dir='ltr'>monstrare</span> <span class='ocrx_word' id='word_1_77' title='bbox 834 1260 974 1332; x_wconf 89' lang='lat' dir='ltr'>debebat,</span> <span class='ocrx_word' id='word_1_78' title='bbox 999 1261 1172 1334; x_wconf 82' lang='lat' dir='ltr'>scripturam</span> <span class='ocrx_word' id='word_1_79' title='bbox 1200 1276 1286 1331; x_wconf 87' lang='lat' dir='ltr'>quam</span> 
     </span>
     <span class='ocr_line' id='line_1_10' title="bbox 166 1349 1286 1424; baseline 0.003 -16"><span class='ocrx_word' id='word_1_80' title='bbox 166 1366 255 1424; x_wconf 90' lang='lat' dir='ltr'>supra</span> <span class='ocrx_word' id='word_1_81' title='bbox 280 1352 426 1424; x_wconf 85' lang='lat' dir='ltr'>posuisset</span> <span class='ocrx_word' id='word_1_82' title='bbox 450 1353 479 1409; x_wconf 94' lang='lat' dir='ltr'>in</span> <span class='ocrx_word' id='word_1_83' title='bbox 505 1352 604 1412; x_wconf 85' lang='lat' dir='ltr'>oodioe</span> <span class='ocrx_word' id='word_1_84' title='bbox 630 1353 680 1411; x_wconf 92' lang='lat' dir='ltr'>illo</span> <span class='ocrx_word' id='word_1_85' title='bbox 704 1352 840 1411; x_wconf 89' lang='lat' dir='ltr'>librarius</span> <span class='ocrx_word' id='word_1_86' title='bbox 866 1371 923 1411; x_wconf 91' lang='lat' dir='ltr'>non</span> <span class='ocrx_word' id='word_1_87' title='bbox 948 1349 1075 1418; x_wconf 82' lang='grc' dir='ltr'><em>ἄνακτος</em></span> <span class='ocrx_word' id='word_1_88' title='bbox 1098 1352 1203 1423; x_wconf 82' lang='lat' dir='ltr'>fuisse,</span> <span class='ocrx_word' id='word_1_89' title='bbox 1234 1353 1286 1411; x_wconf 91' lang='lat' dir='ltr'>sed</span> 
     </span>
     <span class='ocr_line' id='line_1_11' title="bbox 165 1440 1288 1521; baseline 0.001 -21"><span class='ocrx_word' id='word_1_90' title='bbox 165 1440 360 1520; x_wconf 81' lang='grc' dir='ltr'><em>ύνακτύροιν.τ</em></span> <span class='ocrx_word' id='word_1_91' title='bbox 378 1478 412 1486; x_wconf 95' lang='grc'>-</span> <span class='ocrx_word' id='word_1_92' title='bbox 428 1443 489 1503; x_wconf 75' lang='grc'>237</span> <span class='ocrx_word' id='word_1_93' title='bbox 510 1443 631 1521; x_wconf 82' lang='grc' dir='ltr'><em>δωματα</em></span> <span class='ocrx_word' id='word_1_94' title='bbox 644 1445 690 1517; x_wconf 90' lang='grc' dir='ltr'>Μ;</span> <span class='ocrx_word' id='word_1_95' title='bbox 711 1464 841 1521; x_wconf 85' lang='grc' dir='ltr'><em>χειτονας</em></span> <span class='ocrx_word' id='word_1_96' title='bbox 854 1447 899 1518; x_wconf 89' lang='grc' dir='ltr'>Μ;</span> <span class='ocrx_word' id='word_1_97' title='bbox 921 1446 1004 1521; x_wconf 79' lang='grc' dir='ltr'><em>νηούς</em></span> <span class='ocrx_word' id='word_1_98' title='bbox 1017 1446 1182 1517; x_wconf 76' lang='lat' dir='ltr'>ALNPQ,</span> <span class='ocrx_word' id='word_1_99' title='bbox 1203 1445 1288 1520; x_wconf 81' lang='grc' dir='ltr'><em>νηούς</em></span> 
     </span>
     <span class='ocr_line' id='line_1_12' title="bbox 165 1533 1287 1616; baseline 0.001 -21"><span class='ocrx_word' id='word_1_100' title='bbox 165 1541 194 1595; x_wconf 85' lang='lat' dir='ltr'>et</span> <span class='ocrx_word' id='word_1_101' title='bbox 214 1533 300 1616; x_wconf 82' lang='grc' dir='ltr'><em>νηοὺς</em></span> <span class='ocrx_word' id='word_1_102' title='bbox 318 1538 436 1596; x_wconf 77' lang='lat' dir='ltr'>iunctim</span> <span class='ocrx_word' id='word_1_103' title='bbox 455 1538 507 1611; x_wconf 86' lang='lat' dir='ltr'>W,</span> <span class='ocrx_word' id='word_1_104' title='bbox 529 1540 605 1615; x_wconf 82' lang='grc' dir='ltr'><em>νηοῖς</em></span> <span class='ocrx_word' id='word_1_105' title='bbox 623 1539 665 1610; x_wconf 88' lang='lat' dir='ltr'>R;</span> <span class='ocrx_word' id='word_1_106' title='bbox 686 1571 723 1581; x_wconf 97' lang='lat'>—</span> <span class='ocrx_word' id='word_1_107' title='bbox 744 1537 806 1597; x_wconf 79' lang='lat'>238</span> <span class='ocrx_word' id='word_1_108' title='bbox 828 1537 935 1605; x_wconf 82' lang='grc' dir='ltr'><em>οἷστεος</em></span> <span class='ocrx_word' id='word_1_109' title='bbox 954 1540 1000 1610; x_wconf 91' lang='grc' dir='ltr'>Μ;</span> <span class='ocrx_word' id='word_1_110' title='bbox 1026 1538 1190 1615; x_wconf 83' lang='grc' dir='ltr'><em>διεμετρεεν</em></span> <span class='ocrx_word' id='word_1_111' title='bbox 1214 1535 1287 1596; x_wconf 71' lang='lat' dir='ltr'>evea</span> 
     </span>
     <span class='ocr_line' id='line_1_13' title="bbox 104 1629 1286 1710; baseline 0 -20"><span class='ocrx_word' id='word_1_112' title='bbox 104 1647 108 1659; x_wconf 67' lang='grc'><em>“</em></span> <span class='ocrx_word' id='word_1_113' title='bbox 164 1631 209 1703; x_wconf 85' lang='grc' dir='ltr'>Μ;</span> <span class='ocrx_word' id='word_1_114' title='bbox 237 1629 326 1710; x_wconf 74' lang='grc' dir='ltr'><em>αὐτῆς</em></span> <span class='ocrx_word' id='word_1_115' title='bbox 350 1633 433 1693; x_wconf 88' lang='lat' dir='ltr'>oodd.</span> <span class='ocrx_word' id='word_1_116' title='bbox 459 1639 488 1692; x_wconf 90' lang='lat' dir='ltr'>et</span> <span class='ocrx_word' id='word_1_117' title='bbox 514 1633 579 1694; x_wconf 89' lang='lat' dir='ltr'>edd.</span> <span class='ocrx_word' id='word_1_118' title='bbox 604 1649 717 1706; x_wconf 92' lang='lat' dir='ltr'>omnes,</span> <span class='ocrx_word' id='word_1_119' title='bbox 747 1640 827 1693; x_wconf 86' lang='lat' dir='ltr'>reete</span> <span class='ocrx_word' id='word_1_120' title='bbox 852 1639 922 1707; x_wconf 91' lang='lat' dir='ltr'>puto</span> <span class='ocrx_word' id='word_1_121' title='bbox 949 1632 985 1690; x_wconf 94' lang='lat' dir='ltr'>de</span> <span class='ocrx_word' id='word_1_122' title='bbox 1010 1633 1143 1691; x_wconf 86' lang='lat' dir='ltr'>Minerva</span> <span class='ocrx_word' id='word_1_123' title='bbox 1170 1632 1286 1705; x_wconf 84' lang='lat' dir='ltr'>dietum,</span> 
     </span>
     <span class='ocr_line' id='line_1_14' title="bbox 165 1724 1285 1800; baseline 0.001 -17"><span class='ocrx_word' id='word_1_124' title='bbox 165 1742 285 1798; x_wconf 81' lang='lat' dir='ltr'>quacum</span> <span class='ocrx_word' id='word_1_125' title='bbox 307 1727 448 1800; x_wconf 83' lang='lat' dir='ltr'>negotioli</span> <span class='ocrx_word' id='word_1_126' title='bbox 468 1727 577 1800; x_wconf 88' lang='lat' dir='ltr'>aliquid</span> <span class='ocrx_word' id='word_1_127' title='bbox 591 1727 691 1786; x_wconf 90' lang='lat' dir='ltr'>Paridi</span> <span class='ocrx_word' id='word_1_128' title='bbox 711 1725 816 1786; x_wconf 88' lang='lat' dir='ltr'>luerat.</span> <span class='ocrx_word' id='word_1_129' title='bbox 848 1727 1001 1786; x_wconf 78' lang='lat' dir='ltr'>Caeterum</span> <span class='ocrx_word' id='word_1_130' title='bbox 1022 1724 1057 1785; x_wconf 87' lang='lat' dir='ltr'>of.</span> <span class='ocrx_word' id='word_1_131' title='bbox 1079 1725 1285 1785; x_wconf 83' lang='lat' dir='ltr'>Schneiderum</span> 
     </span>
     <span class='ocr_line' id='line_1_15' title="bbox 165 1819 1285 1897; baseline -0.002 -19"><span class='ocrx_word' id='word_1_132' title='bbox 165 1826 276 1892; x_wconf 76' lang='lat' dir='ltr'>piso.</span> <span class='ocrx_word' id='word_1_133' title='bbox 293 1827 360 1879; x_wconf 88' lang='lat'>141:</span> <span class='ocrx_word' id='word_1_134' title='bbox 384 1821 489 1897; x_wconf 73' lang='grc' dir='ltr'><em>»αὐτῆς</em></span> <span class='ocrx_word' id='word_1_135' title='bbox 509 1821 577 1892; x_wconf 90' lang='lat' dir='ltr'>quid</span> <span class='ocrx_word' id='word_1_136' title='bbox 593 1821 647 1879; x_wconf 88' lang='lat' dir='ltr'>sibi</span> <span class='ocrx_word' id='word_1_137' title='bbox 668 1822 737 1879; x_wconf 88' lang='lat' dir='ltr'>velit</span> <span class='ocrx_word' id='word_1_138' title='bbox 756 1837 839 1880; x_wconf 90' lang='lat' dir='ltr'>nemo</span> <span class='ocrx_word' id='word_1_139' title='bbox 860 1819 945 1879; x_wconf 85' lang='lat' dir='ltr'>iaoile</span> <span class='ocrx_word' id='word_1_140' title='bbox 966 1819 1080 1890; x_wconf 86' lang='lat' dir='ltr'>dixerit,</span> <span class='ocrx_word' id='word_1_141' title='bbox 1106 1835 1193 1891; x_wconf 88' lang='lat' dir='ltr'>quum</span> <span class='ocrx_word' id='word_1_142' title='bbox 1212 1819 1285 1878; x_wconf 90' lang='lat' dir='ltr'>nibil</span> 
     </span>
     <span class='ocr_line' id='line_1_16' title="bbox 167 1911 1287 1995; baseline -0.001 -25"><span class='ocrx_word' id='word_1_143' title='bbox 167 1913 326 1985; x_wconf 76' lang='lat' dir='ltr'>excogitari</span> <span class='ocrx_word' id='word_1_144' title='bbox 349 1913 442 1985; x_wconf 88' lang='lat' dir='ltr'>possit</span> <span class='ocrx_word' id='word_1_145' title='bbox 467 1914 543 1984; x_wconf 85' lang='lat' dir='ltr'>quod</span> <span class='ocrx_word' id='word_1_146' title='bbox 562 1913 711 1995; x_wconf 81' lang='lat' dir='ltr'>Minervae</span> <span class='ocrx_word' id='word_1_147' title='bbox 731 1919 903 1986; x_wconf 90' lang='lat' dir='ltr'>opponatur.</span> <span class='ocrx_word' id='word_1_148' title='bbox 945 1911 1146 1984; x_wconf 80' lang='lat' dir='ltr'>corrigendum</span> <span class='ocrx_word' id='word_1_149' title='bbox 1171 1911 1287 1969; x_wconf 87' lang='lat' dir='ltr'>videtur</span> 
     </span>
     <span class='ocr_line' id='line_1_17' title="bbox 166 2002 1285 2080; baseline -0.003 -17"><span class='ocrx_word' id='word_1_150' title='bbox 166 2002 268 2075; x_wconf 77' lang='grc' dir='ltr'><em>αὐτοῦ,</em></span> <span class='ocrx_word' id='word_1_151' title='bbox 288 2006 355 2079; x_wconf 93' lang='lat' dir='ltr'>ibi,</span> <span class='ocrx_word' id='word_1_152' title='bbox 376 2007 453 2078; x_wconf 90' lang='lat' dir='ltr'>quod</span> <span class='ocrx_word' id='word_1_153' title='bbox 472 2012 539 2080; x_wconf 91' lang='lat' dir='ltr'>post</span> <span class='ocrx_word' id='word_1_154' title='bbox 559 2002 631 2065; x_wconf 73' lang='grc' dir='ltr'><em>ἔνθα</em></span> <span class='ocrx_word' id='word_1_155' title='bbox 651 2009 736 2066; x_wconf 88' lang='lat' dir='ltr'>simili</span> <span class='ocrx_word' id='word_1_156' title='bbox 752 2009 866 2067; x_wconf 89' lang='lat' dir='ltr'>ratione</span> <span class='ocrx_word' id='word_1_157' title='bbox 885 2007 998 2065; x_wconf 93' lang='lat' dir='ltr'>illatum</span> <span class='ocrx_word' id='word_1_158' title='bbox 1021 2013 1066 2064; x_wconf 89' lang='lat' dir='ltr'>est</span> <span class='ocrx_word' id='word_1_159' title='bbox 1086 2006 1186 2076; x_wconf 86' lang='lat' dir='ltr'>quain</span> <span class='ocrx_word' id='word_1_160' title='bbox 1201 2005 1285 2063; x_wconf 89' lang='lat' dir='ltr'>Hom.</span> 
     </span>
     <span class='ocr_line' id='line_1_18' title="bbox 162 2093 1287 2175; baseline -0.001 -18"><span class='ocrx_word' id='word_1_161' title='bbox 162 2099 198 2157; x_wconf 83' lang='lat' dir='ltr'>Il.</span> <span class='ocrx_word' id='word_1_162' title='bbox 219 2107 270 2172; x_wconf 81' lang='lat'>23,</span> <span class='ocrx_word' id='word_1_163' title='bbox 292 2102 347 2159; x_wconf 73' lang='lat'>674</span> <span class='ocrx_word' id='word_1_164' title='bbox 374 2101 481 2172; x_wconf 80' lang='lat' dir='ltr'>legitur</span> <span class='ocrx_word' id='word_1_165' title='bbox 506 2099 664 2175; x_wconf 81' lang='grc' dir='ltr'><em>κηδόμενος</em></span> <span class='ocrx_word' id='word_1_166' title='bbox 687 2098 722 2158; x_wconf 81' lang='grc' dir='ltr'>δέ</span> <span class='ocrx_word' id='word_1_167' title='bbox 745 2101 774 2157; x_wconf 83' lang='lat' dir='ltr'>oi</span> <span class='ocrx_word' id='word_1_168' title='bbox 797 2097 916 2158; x_wconf 72' lang='grc' dir='ltr'><em>ἐνθάδ’</em></span> <span class='ocrx_word' id='word_1_169' title='bbox 943 2095 1063 2163; x_wconf 84' lang='grc' dir='ltr'><em>ἀολλέες</em></span> <span class='ocrx_word' id='word_1_170' title='bbox 1088 2093 1172 2154; x_wconf 73' lang='grc' dir='ltr'><em>αὖθι</em></span> <span class='ocrx_word' id='word_1_171' title='bbox 1188 2097 1287 2175; x_wconf 88' lang='grc' dir='ltr'><em>μενόν-</em></span> 
     </span>
     <span class='ocr_line' id='line_1_19' title="bbox 164 2192 1284 2267; baseline -0.004 -16"><span class='ocrx_word' id='word_1_172' title='bbox 164 2211 230 2251; x_wconf 81' lang='grc' dir='ltr'><em>τον,</em></span> <span class='ocrx_word' id='word_1_173' title='bbox 258 2192 347 2251; x_wconf 79' lang='lat' dir='ltr'>Adde</span> <span class='ocrx_word' id='word_1_174' title='bbox 368 2193 470 2266; x_wconf 84' lang='lat' dir='ltr'>Odyss.</span> <span class='ocrx_word' id='word_1_175' title='bbox 493 2201 519 2266; x_wconf 86' lang='lat'>5,</span> <span class='ocrx_word' id='word_1_176' title='bbox 541 2201 606 2254; x_wconf 82' lang='lat'>208.</span> <span class='ocrx_word' id='word_1_177' title='bbox 626 2195 660 2252; x_wconf 88' lang='lat' dir='ltr'>Il.</span> <span class='ocrx_word' id='word_1_178' title='bbox 681 2203 707 2267; x_wconf 90' lang='lat'>8,</span> <span class='ocrx_word' id='word_1_179' title='bbox 728 2197 793 2254; x_wconf 75' lang='lat'>207.</span> <span class='ocrx_word' id='word_1_180' title='bbox 824 2194 927 2266; x_wconf 90' lang='lat' dir='ltr'>Hymn.</span> <span class='ocrx_word' id='word_1_181' title='bbox 949 2194 1033 2252; x_wconf 92' lang='lat' dir='ltr'>Hom.</span> <span class='ocrx_word' id='word_1_182' title='bbox 1054 2193 1083 2249; x_wconf 92' lang='lat' dir='ltr'>iu</span> <span class='ocrx_word' id='word_1_183' title='bbox 1103 2192 1198 2265; x_wconf 89' lang='lat' dir='ltr'>Apoll.</span> <span class='ocrx_word' id='word_1_184' title='bbox 1219 2193 1284 2250; x_wconf 74' lang='grc'><strong>373.</strong></span> 
     </span>
     <span class='ocr_line' id='line_1_20' title="bbox 166 2281 1285 2360; baseline -0.002 -16"><span class='ocrx_word' id='word_1_185' title='bbox 166 2286 258 2360; x_wconf 81' lang='lat' dir='ltr'>Apoll.</span> <span class='ocrx_word' id='word_1_186' title='bbox 273 2285 366 2346; x_wconf 87' lang='lat' dir='ltr'>Rhod.</span> <span class='ocrx_word' id='word_1_187' title='bbox 379 2292 408 2359; x_wconf 76' lang='lat'>4,</span> <span class='ocrx_word' id='word_1_188' title='bbox 422 2293 508 2345; x_wconf 67' lang='lat' dir='ltr'>aaa«</span> <span class='ocrx_word' id='word_1_189' title='bbox 538 2286 598 2346; x_wconf 81' lang='lat' dir='ltr'>Sed</span> <span class='ocrx_word' id='word_1_190' title='bbox 617 2281 690 2344; x_wconf 79' lang='grc' dir='ltr'><em>ἔνθα</em></span> <span class='ocrx_word' id='word_1_191' title='bbox 706 2284 761 2360; x_wconf 86' lang='grc' dir='ltr'>μὲν</span> <span class='ocrx_word' id='word_1_192' title='bbox 775 2283 863 2343; x_wconf 82' lang='grc' dir='ltr'><em>αὐτοῦ</em></span> <span class='ocrx_word' id='word_1_193' title='bbox 880 2302 944 2344; x_wconf 88' lang='lat' dir='ltr'>oum</span> <span class='ocrx_word' id='word_1_194' title='bbox 965 2285 1087 2345; x_wconf 89' lang='lat' dir='ltr'>eodem</span> <span class='ocrx_word' id='word_1_195' title='bbox 1108 2286 1187 2356; x_wconf 90' lang='lat' dir='ltr'>ipso</span> <span class='ocrx_word' id='word_1_196' title='bbox 1207 2285 1285 2342; x_wconf 88' lang='lat' dir='ltr'>looo</span> 
     </span>
     <span class='ocr_line' id='line_1_21' title="bbox 167 2377 1287 2454; baseline -0.005 -16"><span class='ocrx_word' id='word_1_197' title='bbox 167 2379 322 2452; x_wconf 79' lang='lat' dir='ltr'>significet,</span> <span class='ocrx_word' id='word_1_198' title='bbox 347 2381 414 2439; x_wconf 83' lang='lat' dir='ltr'>huia</span> <span class='ocrx_word' id='word_1_199' title='bbox 438 2381 501 2440; x_wconf 86' lang='lat' dir='ltr'>loco</span> <span class='ocrx_word' id='word_1_200' title='bbox 523 2397 627 2453; x_wconf 82' lang='lat' dir='ltr'>parum</span> <span class='ocrx_word' id='word_1_201' title='bbox 652 2385 752 2454; x_wconf 83' lang='lat' dir='ltr'>aptum</span> <span class='ocrx_word' id='word_1_202' title='bbox 775 2396 841 2438; x_wconf 86' lang='lat' dir='ltr'>esse</span> <span class='ocrx_word' id='word_1_203' title='bbox 865 2379 987 2437; x_wconf 85' lang='lat' dir='ltr'>videtur.</span> <span class='ocrx_word' id='word_1_204' title='bbox 1027 2378 1125 2436; x_wconf 84' lang='lat' dir='ltr'>Etiam</span> <span class='ocrx_word' id='word_1_205' title='bbox 1145 2377 1287 2435; x_wconf 88' lang='lat' dir='ltr'>Tournier</span> 
     </span>
     <span class='ocr_line' id='line_1_22' title="bbox 165 2465 1286 2551; baseline -0.006 -19"><span class='ocrx_word' id='word_1_206' title='bbox 165 2490 192 2546; x_wconf 92' lang='lat' dir='ltr'>p.</span> <span class='ocrx_word' id='word_1_207' title='bbox 215 2481 250 2532; x_wconf 86' lang='lat'>31</span> <span class='ocrx_word' id='word_1_208' title='bbox 271 2479 370 2532; x_wconf 89' lang='lat' dir='ltr'>tuetur</span> <span class='ocrx_word' id='word_1_209' title='bbox 389 2475 539 2532; x_wconf 87' lang='lat' dir='ltr'>lectionem</span> <span class='ocrx_word' id='word_1_210' title='bbox 561 2469 662 2551; x_wconf 74' lang='grc' dir='ltr'><em>αὐτῆς,</em></span> <span class='ocrx_word' id='word_1_211' title='bbox 688 2488 751 2530; x_wconf 88' lang='lat' dir='ltr'>oum</span> <span class='ocrx_word' id='word_1_212' title='bbox 770 2484 927 2544; x_wconf 86' lang='lat' dir='ltr'>pronomen</span> <span class='ocrx_word' id='word_1_213' title='bbox 947 2465 1036 2534; x_wconf 82' lang='grc' dir='ltr'><em>αὐτός</em></span> <span class='ocrx_word' id='word_1_214' title='bbox 1056 2469 1178 2527; x_wconf 89' lang='lat' dir='ltr'>deorum</span> <span class='ocrx_word' id='word_1_215' title='bbox 1197 2467 1286 2528; x_wconf 89' lang='lat' dir='ltr'>nomi·</span> 
     </span>
     <span class='ocr_line' id='line_1_23' title="bbox 164 2563 1284 2641; baseline -0.003 -17"><span class='ocrx_word' id='word_1_216' title='bbox 164 2567 246 2626; x_wconf 89' lang='lat' dir='ltr'>nibus</span> <span class='ocrx_word' id='word_1_217' title='bbox 273 2567 402 2626; x_wconf 86' lang='lat' dir='ltr'>additum</span> <span class='ocrx_word' id='word_1_218' title='bbox 429 2569 544 2641; x_wconf 88' lang='lat' dir='ltr'>saepius</span> <span class='ocrx_word' id='word_1_219' title='bbox 569 2568 741 2640; x_wconf 88' lang='lat' dir='ltr'>reperiatur.</span> <span class='ocrx_word' id='word_1_220' title='bbox 782 2567 869 2625; x_wconf 82' lang='lat' dir='ltr'>Suum</span> <span class='ocrx_word' id='word_1_221' title='bbox 899 2565 993 2623; x_wconf 88' lang='lat' dir='ltr'>tenuit</span> <span class='ocrx_word' id='word_1_222' title='bbox 1019 2563 1191 2635; x_wconf 80' lang='lat' dir='ltr'>Schneider,</span> <span class='ocrx_word' id='word_1_223' title='bbox 1216 2579 1284 2621; x_wconf 80' lang='lat' dir='ltr'>rea</span> 
     </span>
     <span class='ocr_line' id='line_1_24' title="bbox 164 2657 1285 2738; baseline -0.004 -19"><span class='ocrx_word' id='word_1_224' title='bbox 164 2679 192 2733; x_wconf 86' lang='lat' dir='ltr'>p.</span> <span class='ocrx_word' id='word_1_225' title='bbox 215 2667 278 2719; x_wconf 83' lang='lat' dir='ltr'>leo.</span> <span class='ocrx_word' id='word_1_226' title='bbox 302 2692 335 2702; x_wconf 84' lang='lat'><em>-</em></span> <span class='ocrx_word' id='word_1_227' title='bbox 358 2658 420 2719; x_wconf 79' lang='lat'>239</span> <span class='ocrx_word' id='word_1_228' title='bbox 440 2657 569 2738; x_wconf 85' lang='grc' dir='ltr'><em>χρύσεον</em></span> <span class='ocrx_word' id='word_1_229' title='bbox 588 2660 671 2720; x_wconf 86' lang='lat' dir='ltr'>aodd.</span> <span class='ocrx_word' id='word_1_230' title='bbox 692 2664 722 2718; x_wconf 92' lang='lat' dir='ltr'>et</span> <span class='ocrx_word' id='word_1_231' title='bbox 741 2658 806 2717; x_wconf 89' lang='lat' dir='ltr'>edd.</span> <span class='ocrx_word' id='word_1_232' title='bbox 827 2674 942 2726; x_wconf 90' lang='lat' dir='ltr'>omues,</span> <span class='ocrx_word' id='word_1_233' title='bbox 969 2657 1021 2716; x_wconf 89' lang='lat' dir='ltr'>sed</span> <span class='ocrx_word' id='word_1_234' title='bbox 1045 2658 1111 2715; x_wconf 88' lang='lat' dir='ltr'>vide</span> <span class='ocrx_word' id='word_1_235' title='bbox 1131 2657 1285 2717; x_wconf 77' lang='lat' dir='ltr'>Schneida</span> 
     </span>
     <span class='ocr_line' id='line_1_25' title="bbox 164 2745 1286 2829; baseline -0.004 -19"><span class='ocrx_word' id='word_1_236' title='bbox 164 2768 226 2810; x_wconf 91' lang='lat' dir='ltr'>rum</span> <span class='ocrx_word' id='word_1_237' title='bbox 245 2770 274 2825; x_wconf 90' lang='lat' dir='ltr'>p.</span> <span class='ocrx_word' id='word_1_238' title='bbox 295 2758 350 2811; x_wconf 84' lang='lat'>441</span> <span class='ocrx_word' id='word_1_239' title='bbox 373 2754 422 2824; x_wconf 88' lang='lat' dir='ltr'>qui</span> <span class='ocrx_word' id='word_1_240' title='bbox 446 2751 569 2812; x_wconf 87' lang='lat' dir='ltr'>fortasse</span> <span class='ocrx_word' id='word_1_241' title='bbox 593 2757 673 2810; x_wconf 86' lang='lat' dir='ltr'>reeta</span> <span class='ocrx_word' id='word_1_242' title='bbox 696 2750 823 2829; x_wconf 82' lang='grc' dir='ltr'><em>χάλκεον</em></span> <span class='ocrx_word' id='word_1_243' title='bbox 850 2751 989 2822; x_wconf 77' lang='lat' dir='ltr'>coniecit,</span> <span class='ocrx_word' id='word_1_244' title='bbox 1015 2751 1083 2822; x_wconf 88' lang='lat' dir='ltr'>quia</span> <span class='ocrx_word' id='word_1_245' title='bbox 1110 2766 1215 2823; x_wconf 80' lang='lat' dir='ltr'>»quum</span> <span class='ocrx_word' id='word_1_246' title='bbox 1239 2745 1286 2807; x_wconf 78' lang='grc' dir='ltr'>ὲν-</span> 
     </span>
     <span class='ocr_line' id='line_1_26' title="bbox 164 2841 1286 2925; baseline 0.001 -24"><span class='ocrx_word' id='word_1_247' title='bbox 164 2843 290 2922; x_wconf 79' lang='grc' dir='ltr'><em>λαπίης</em></span> <span class='ocrx_word' id='word_1_248' title='bbox 304 2841 422 2925; x_wconf 73' lang='grc' dir='ltr'><em>Ἀθήνης</em></span> <span class='ocrx_word' id='word_1_249' title='bbox 442 2848 625 2904; x_wconf 79' lang='lat' dir='ltr'>simulacrum</span> <span class='ocrx_word' id='word_1_250' title='bbox 651 2851 790 2903; x_wconf 88' lang='lat' dir='ltr'>memoret</span> <span class='ocrx_word' id='word_1_251' title='bbox 810 2844 959 2904; x_wconf 80' lang='lat' dir='ltr'>Colluthus</span> <span class='ocrx_word' id='word_1_252' title='bbox 979 2850 1114 2916; x_wconf 84' lang='lat' dir='ltr'>apertum</span> <span class='ocrx_word' id='word_1_253' title='bbox 1134 2849 1195 2916; x_wconf 90' lang='lat' dir='ltr'>est,</span> <span class='ocrx_word' id='word_1_254' title='bbox 1221 2860 1286 2902; x_wconf 90' lang='lat' dir='ltr'>eum</span> 
     </span>
     <span class='ocr_line' id='line_1_27' title="bbox 162 2935 1286 3015; baseline -0.006 -17"><span class='ocrx_word' id='word_1_255' title='bbox 162 2953 303 2998; x_wconf 71' lang='lat' dir='ltr'>morare</span> <span class='ocrx_word' id='word_1_256' title='bbox 322 2940 448 2999; x_wconf 86' lang='lat' dir='ltr'>voluisse</span> <span class='ocrx_word' id='word_1_257' title='bbox 465 2940 634 2999; x_wconf 81' lang='lat' dir='ltr'>memoriam</span> <span class='ocrx_word' id='word_1_258' title='bbox 647 2939 798 2997; x_wconf 83' lang='lat' dir='ltr'>Minervae</span> <span class='ocrx_word' id='word_1_259' title='bbox 819 2935 990 3015; x_wconf 80' lang='grc' dir='ltr'><em>Πολιούχου,</em></span> <span class='ocrx_word' id='word_1_260' title='bbox 1015 2953 1089 3008; x_wconf 88' lang='lat' dir='ltr'>quae</span> <span class='ocrx_word' id='word_1_261' title='bbox 1109 2935 1286 3001; x_wconf 86' lang='grc' dir='ltr'><em>Χαλκίοικος</em></span> 
     </span>
     <span class='ocr_line' id='line_1_28' title="bbox 165 3028 1285 3108; baseline -0.004 -18"><span class='ocrx_word' id='word_1_262' title='bbox 165 3033 252 3092; x_wconf 89' lang='lat' dir='ltr'>etiam</span> <span class='ocrx_word' id='word_1_263' title='bbox 271 3033 437 3092; x_wconf 86' lang='lat' dir='ltr'>vocabatur.</span> <span class='ocrx_word' id='word_1_264' title='bbox 468 3050 534 3091; x_wconf 90' lang='lat' dir='ltr'>nam</span> <span class='ocrx_word' id='word_1_265' title='bbox 554 3039 586 3091; x_wconf 91' lang='lat' dir='ltr'>ut</span> <span class='ocrx_word' id='word_1_266' title='bbox 606 3033 757 3106; x_wconf 86' lang='lat' dir='ltr'>templum,</span> <span class='ocrx_word' id='word_1_267' title='bbox 785 3033 828 3090; x_wconf 86' lang='lat' dir='ltr'>ita</span> <span class='ocrx_word' id='word_1_268' title='bbox 852 3032 964 3104; x_wconf 80' lang='lat' dir='ltr'>signum</span> <span class='ocrx_word' id='word_1_269' title='bbox 990 3031 1051 3089; x_wconf 91' lang='lat' dir='ltr'>eius</span> <span class='ocrx_word' id='word_1_270' title='bbox 1076 3029 1133 3088; x_wconf 87' lang='lat' dir='ltr'>fuit</span> <span class='ocrx_word' id='word_1_271' title='bbox 1157 3028 1285 3108; x_wconf 79' lang='grc' dir='ltr'><em>χαλκοῦν</em></span> 
     </span>
     <span class='ocr_line' id='line_1_29' title="bbox 164 3120 1285 3202; baseline -0.003 -17"><span class='ocrx_word' id='word_1_272' title='bbox 164 3125 212 3194; x_wconf 87' lang='lat' dir='ltr'>(of.</span> <span class='ocrx_word' id='word_1_273' title='bbox 233 3126 358 3185; x_wconf 83' lang='lat' dir='ltr'>Pausau.</span> <span class='ocrx_word' id='word_1_274' title='bbox 378 3127 418 3184; x_wconf 95' lang='lat' dir='ltr'>Ill</span> <span class='ocrx_word' id='word_1_275' title='bbox 433 3129 477 3199; x_wconf 75' lang='lat'>17,</span> <span class='ocrx_word' id='word_1_276' title='bbox 492 3130 531 3194; x_wconf 84' lang='lat'>3).</span> <span class='ocrx_word' id='word_1_277' title='bbox 569 3126 653 3186; x_wconf 90' lang='lat' dir='ltr'>Unde</span> <span class='ocrx_word' id='word_1_278' title='bbox 673 3125 820 3185; x_wconf 90' lang='lat' dir='ltr'>suboritur</span> <span class='ocrx_word' id='word_1_279' title='bbox 839 3126 965 3199; x_wconf 82' lang='lat' dir='ltr'>suspicio</span> <span class='ocrx_word' id='word_1_280' title='bbox 986 3142 1042 3184; x_wconf 91' lang='lat' dir='ltr'>non</span> <span class='ocrx_word' id='word_1_281' title='bbox 1062 3121 1221 3202; x_wconf 83' lang='grc' dir='ltr'><em>χρύσεον</em></span> <span class='ocrx_word' id='word_1_282' title='bbox 1242 3120 1285 3182; x_wconf 80' lang='grc' dir='ltr'>ἐν·</span> 
     </span>
     <span class='ocr_line' id='line_1_30' title="bbox 162 3215 1290 3297; baseline -0.002 -22"><span class='ocrx_word' id='word_1_283' title='bbox 162 3217 264 3295; x_wconf 81' lang='grc' dir='ltr'><em>’δαπίης</em></span> <span class='ocrx_word' id='word_1_284' title='bbox 283 3217 444 3295; x_wconf 73' lang='grc' dir='ltr'><em>θηεύμενος</em></span> <span class='ocrx_word' id='word_1_285' title='bbox 469 3215 546 3284; x_wconf 85' lang='grc' dir='ltr'><em>ελδος</em></span> <span class='ocrx_word' id='word_1_286' title='bbox 567 3216 678 3297; x_wconf 78' lang='grc' dir='ltr'><em>Ἀθήνης</em></span> <span class='ocrx_word' id='word_1_287' title='bbox 703 3226 818 3294; x_wconf 90' lang='lat' dir='ltr'>poetam</span> <span class='ocrx_word' id='word_1_288' title='bbox 846 3219 1011 3292; x_wconf 75' lang='lat' dir='ltr'>scripsisse,</span> <span class='ocrx_word' id='word_1_289' title='bbox 1037 3218 1089 3276; x_wconf 90' lang='lat' dir='ltr'>sed</span> <span class='ocrx_word' id='word_1_290' title='bbox 1113 3215 1290 3294; x_wconf 64' lang='grc' dir='ltr'><em>χάλκεον,</em></span> 
     </span>
     <span class='ocr_line' id='line_1_31' title="bbox 165 3309 1287 3386; baseline -0.001 -18"><span class='ocrx_word' id='word_1_291' title='bbox 165 3311 305 3370; x_wconf 85' lang='lat' dir='ltr'>historica</span> <span class='ocrx_word' id='word_1_292' title='bbox 325 3327 409 3370; x_wconf 91' lang='lat' dir='ltr'>usum</span> <span class='ocrx_word' id='word_1_293' title='bbox 427 3313 565 3385; x_wconf 89' lang='lat' dir='ltr'>prolepsi,</span> <span class='ocrx_word' id='word_1_294' title='bbox 585 3313 726 3371; x_wconf 75' lang='lat' dir='ltr'>assolent</span> <span class='ocrx_word' id='word_1_295' title='bbox 745 3318 859 3386; x_wconf 90' lang='lat' dir='ltr'>poetae.</span> <span class='ocrx_word' id='word_1_296' title='bbox 890 3328 955 3371; x_wconf 93' lang='lat' dir='ltr'>nam</span> <span class='ocrx_word' id='word_1_297' title='bbox 973 3327 1075 3369; x_wconf 90' lang='lat' dir='ltr'>revera</span> <span class='ocrx_word' id='word_1_298' title='bbox 1088 3315 1156 3383; x_wconf 86' lang='lat' dir='ltr'>post</span> <span class='ocrx_word' id='word_1_299' title='bbox 1168 3309 1287 3368; x_wconf 83' lang='lat' dir='ltr'>heroica</span> 
     </span>
     <span class='ocr_line' id='line_1_32' title="bbox 165 3404 1286 3478; baseline -0.003 -15"><span class='ocrx_word' id='word_1_300' title='bbox 165 3405 280 3464; x_wconf 89' lang='lat' dir='ltr'>demum</span> <span class='ocrx_word' id='word_1_301' title='bbox 294 3410 426 3477; x_wconf 86' lang='lat' dir='ltr'>tempora</span> <span class='ocrx_word' id='word_1_302' title='bbox 435 3404 657 3463; x_wconf 80' lang='lat' dir='ltr'>Lacedaemonii</span> <span class='ocrx_word' id='word_1_303' title='bbox 670 3406 819 3466; x_wconf 81' lang='lat' dir='ltr'>Mirervae</span> <span class='ocrx_word' id='word_1_304' title='bbox 830 3406 967 3478; x_wconf 88' lang='lat' dir='ltr'>templum</span> <span class='ocrx_word' id='word_1_305' title='bbox 982 3405 1153 3476; x_wconf 79' lang='lat' dir='ltr'>signumque</span> <span class='ocrx_word' id='word_1_306' title='bbox 1168 3419 1204 3461; x_wconf 89' lang='lat' dir='ltr'>ex</span> <span class='ocrx_word' id='word_1_307' title='bbox 1217 3418 1286 3461; x_wconf 88' lang='lat' dir='ltr'>aere</span> 
     </span>
     <span class='ocr_line' id='line_1_33' title="bbox 163 3495 1283 3571; baseline -0.004 -14"><span class='ocrx_word' id='word_1_308' title='bbox 163 3498 302 3557; x_wconf 80' lang='lat' dir='ltr'>feserunt.</span> <span class='ocrx_word' id='word_1_309' title='bbox 334 3495 369 3554; x_wconf 86' lang='lat' dir='ltr'>of.</span> <span class='ocrx_word' id='word_1_310' title='bbox 391 3496 516 3555; x_wconf 89' lang='lat' dir='ltr'>Pausan.</span> <span class='ocrx_word' id='word_1_311' title='bbox 536 3497 555 3554; x_wconf 90' lang='lat' dir='ltr'>l.</span> <span class='ocrx_word' id='word_1_312' title='bbox 569 3497 588 3554; x_wconf 89' lang='lat' dir='ltr'>l.</span> <span class='ocrx_word' id='word_1_313' title='bbox 610 3505 640 3556; x_wconf 89' lang='lat' dir='ltr'>et</span> <span class='ocrx_word' id='word_1_314' title='bbox 660 3497 751 3558; x_wconf 79' lang='lat' dir='ltr'>Curtii</span> <span class='ocrx_word' id='word_1_315' title='bbox 771 3499 959 3571; x_wconf 88' lang='lat' dir='ltr'>Peloponnes.</span> <span class='ocrx_word' id='word_1_316' title='bbox 980 3496 1009 3555; x_wconf 95' lang='lat' dir='ltr'>ll</span> <span class='ocrx_word' id='word_1_317' title='bbox 1028 3514 1057 3570; x_wconf 89' lang='lat' dir='ltr'>p.</span> <span class='ocrx_word' id='word_1_318' title='bbox 1072 3498 1127 3555; x_wconf 76' lang='lat'>227</span> <span class='ocrx_word' id='word_1_319' title='bbox 1150 3502 1179 3554; x_wconf 87' lang='lat' dir='ltr'>et</span> <span class='ocrx_word' id='word_1_320' title='bbox 1200 3503 1283 3555; x_wconf 82' lang='grc' dir='ltr'><strong>313.ι</strong></span> 
     </span>
     <span class='ocr_line' id='line_1_34' title="bbox 164 3590 1285 3664; baseline -0.004 -13"><span class='ocrx_word' id='word_1_321' title='bbox 164 3591 332 3651; x_wconf 79' lang='lat' dir='ltr'>Schneideri</span> <span class='ocrx_word' id='word_1_322' title='bbox 353 3592 547 3651; x_wconf 79' lang='lat' dir='ltr'>coniecturam</span> <span class='ocrx_word' id='word_1_323' title='bbox 560 3591 670 3650; x_wconf 90' lang='lat' dir='ltr'>meritis</span> <span class='ocrx_word' id='word_1_324' title='bbox 685 3593 818 3652; x_wconf 90' lang='lat' dir='ltr'>laudibus</span> <span class='ocrx_word' id='word_1_325' title='bbox 837 3593 950 3652; x_wconf 86' lang='lat' dir='ltr'>ornavit</span> <span class='ocrx_word' id='word_1_326' title='bbox 963 3590 1105 3651; x_wconf 88' lang='lat' dir='ltr'>Tournier</span> <span class='ocrx_word' id='word_1_327' title='bbox 1124 3608 1153 3664; x_wconf 91' lang='lat' dir='ltr'>p.</span> <span class='ocrx_word' id='word_1_328' title='bbox 1168 3597 1214 3663; x_wconf 84' lang='lat'>31,</span> <span class='ocrx_word' id='word_1_329' title='bbox 1236 3591 1285 3661; x_wconf 87' lang='lat' dir='ltr'>qui</span> 
     </span>
     <span class='ocr_line' id='line_1_35' title="bbox 164 3684 1285 3758; baseline -0.001 -14"><span class='ocrx_word' id='word_1_330' title='bbox 164 3691 262 3745; x_wconf 88' lang='lat' dir='ltr'>tamen</span> <span class='ocrx_word' id='word_1_331' title='bbox 282 3684 366 3743; x_wconf 89' lang='lat' dir='ltr'>addit</span> <span class='ocrx_word' id='word_1_332' title='bbox 387 3686 474 3743; x_wconf 91' lang='lat' dir='ltr'>etiam</span> <span class='ocrx_word' id='word_1_333' title='bbox 493 3685 625 3743; x_wconf 88' lang='lat' dir='ltr'>Nonnum</span> <span class='ocrx_word' id='word_1_334' title='bbox 645 3685 675 3741; x_wconf 93' lang='lat' dir='ltr'>in</span> <span class='ocrx_word' id='word_1_335' title='bbox 696 3685 816 3744; x_wconf 86' lang='lat' dir='ltr'>Veneris</span> <span class='ocrx_word' id='word_1_336' title='bbox 837 3688 940 3745; x_wconf 87' lang='lat' dir='ltr'>statuis</span> <span class='ocrx_word' id='word_1_337' title='bbox 965 3685 1151 3758; x_wconf 81' lang='lat' dir='ltr'>designandis</span> <span class='ocrx_word' id='word_1_338' title='bbox 1172 3699 1285 3742; x_wconf 89' lang='lat' dir='ltr'>errasse</span> 
     </span>
     <span class='ocr_line' id='line_1_36' title="bbox 164 3774 1287 3857; baseline -0.003 -20"><span class='ocrx_word' id='word_1_339' title='bbox 164 3783 194 3837; x_wconf 87' lang='lat' dir='ltr'>et</span> <span class='ocrx_word' id='word_1_340' title='bbox 216 3777 302 3838; x_wconf 90' lang='lat' dir='ltr'>Dion.</span> <span class='ocrx_word' id='word_1_341' title='bbox 323 3777 430 3837; x_wconf 82' lang='lat' dir='ltr'>XXXV</span> <span class='ocrx_word' id='word_1_342' title='bbox 452 3780 506 3839; x_wconf 78' lang='lat' dir='ltr'>me</span> <span class='ocrx_word' id='word_1_343' title='bbox 527 3777 633 3837; x_wconf 87' lang='lat' dir='ltr'>Veneri</span> <span class='ocrx_word' id='word_1_344' title='bbox 658 3775 855 3857; x_wconf 85' lang='grc' dir='ltr'><em>κοροσσομένη</em></span> <span class='ocrx_word' id='word_1_345' title='bbox 880 3780 924 3838; x_wconf 87' lang='lat' dir='ltr'>vel</span> <span class='ocrx_word' id='word_1_346' title='bbox 945 3777 1032 3856; x_wconf 76' lang='grc' dir='ltr'><em>Ἀρεία</em></span> <span class='ocrx_word' id='word_1_347' title='bbox 1058 3777 1132 3836; x_wconf 87' lang='lat' dir='ltr'>falso</span> <span class='ocrx_word' id='word_1_348' title='bbox 1157 3774 1287 3855; x_wconf 86' lang='grc' dir='ltr'><em>χάλκεον</em></span> 
     </span>
     <span class='ocr_line' id='line_1_37' title="bbox 163 3867 1285 3949; baseline 0 -21"><span class='ocrx_word' id='word_1_349' title='bbox 163 3867 241 3937; x_wconf 78' lang='grc' dir='ltr'><em>εἶδος</em></span> <span class='ocrx_word' id='word_1_350' title='bbox 260 3873 405 3932; x_wconf 87' lang='lat' dir='ltr'>tribuisse.</span> <span class='ocrx_word' id='word_1_351' title='bbox 428 3904 463 3914; x_wconf 94' lang='lat'><em>-</em></span> <span class='ocrx_word' id='word_1_352' title='bbox 484 3868 600 3948; x_wconf 73' lang='grc' dir='ltr'><em>ἐνδαπιη</em></span> <span class='ocrx_word' id='word_1_353' title='bbox 618 3871 665 3943; x_wconf 89' lang='grc' dir='ltr'>Μ;</span> <span class='ocrx_word' id='word_1_354' title='bbox 686 3869 844 3948; x_wconf 79' lang='grc' dir='ltr'><em>θηεύμενος</em></span> <span class='ocrx_word' id='word_1_355' title='bbox 860 3871 901 3940; x_wconf 89' lang='grc' dir='ltr'>Μ,</span> <span class='ocrx_word' id='word_1_356' title='bbox 922 3870 1085 3949; x_wconf 80' lang='grc' dir='ltr'><em>θηούμενος</em></span> <span class='ocrx_word' id='word_1_357' title='bbox 1100 3871 1140 3942; x_wconf 81' lang='lat' dir='ltr'>G3</span> <span class='ocrx_word' id='word_1_358' title='bbox 1161 3903 1196 3913; x_wconf 89' lang='lat'><em>-</em></span> <span class='ocrx_word' id='word_1_359' title='bbox 1219 3868 1285 3930; x_wconf 76' lang='lat'>240</span> 
     </span>
     <span class='ocr_line' id='line_1_38' title="bbox 163 3962 1288 4043; baseline 0 -22"><span class='ocrx_word' id='word_1_360' title='bbox 163 3963 235 4023; x_wconf 79' lang='grc' dir='ltr'><em>ενίλα</em></span> <span class='ocrx_word' id='word_1_361' title='bbox 260 3966 306 4038; x_wconf 88' lang='grc' dir='ltr'>Μ;</span> <span class='ocrx_word' id='word_1_362' title='bbox 335 3963 469 4043; x_wconf 79' lang='grc' dir='ltr'><em>καρήνοιο</em></span> <span class='ocrx_word' id='word_1_363' title='bbox 493 3967 540 4025; x_wconf 81' lang='lat' dir='ltr'>vel</span> <span class='ocrx_word' id='word_1_364' title='bbox 564 3966 660 4039; x_wconf 84' lang='lat' dir='ltr'>potius</span> <span class='ocrx_word' id='word_1_365' title='bbox 686 3962 842 4042; x_wconf 85' lang='grc' dir='ltr'><em>καρκύνοιο</em></span> <span class='ocrx_word' id='word_1_366' title='bbox 867 3965 909 4023; x_wconf 91' lang='grc' dir='ltr'>Μ.</span> <span class='ocrx_word' id='word_1_367' title='bbox 949 3965 1046 4024; x_wconf 87' lang='lat' dir='ltr'>Verba</span> <span class='ocrx_word' id='word_1_368' title='bbox 1071 3964 1153 4041; x_wconf 85' lang='grc' dir='ltr'><em>φίλον</em></span> <span class='ocrx_word' id='word_1_369' title='bbox 1178 3963 1288 4041; x_wconf 88' lang='grc' dir='ltr'><em>κτέρας</em></span> 
     </span>
     <span class='ocr_line' id='line_1_39' title="bbox 160 4053 1285 4125; baseline 0 -10"><span class='ocrx_word' id='word_1_370' title='bbox 160 4053 332 4125; x_wconf 82' lang='grc' dir='ltr'><em>Ἀπόλλωνος</em></span> <span class='ocrx_word' id='word_1_371' title='bbox 351 4055 431 4116; x_wconf 78' lang='grc' dir='ltr'><em>οἷκον</em></span> <span class='ocrx_word' id='word_1_372' title='bbox 449 4056 620 4124; x_wconf 79' lang='grc' dir='ltr'><em>Ἀμυκλαίοιο</em></span> <span class='ocrx_word' id='word_1_373' title='bbox 640 4059 744 4119; x_wconf 89' lang='lat' dir='ltr'>desunt</span> <span class='ocrx_word' id='word_1_374' title='bbox 758 4060 788 4117; x_wconf 93' lang='lat' dir='ltr'>in</span> <span class='ocrx_word' id='word_1_375' title='bbox 808 4058 890 4119; x_wconf 86' lang='lat' dir='ltr'>oodd.</span> <span class='ocrx_word' id='word_1_376' title='bbox 914 4058 985 4118; x_wconf 89' lang='lat' dir='ltr'>dett.</span> <span class='ocrx_word' id='word_1_377' title='bbox 1010 4065 1040 4118; x_wconf 87' lang='lat' dir='ltr'>et</span> <span class='ocrx_word' id='word_1_378' title='bbox 1059 4059 1089 4117; x_wconf 92' lang='lat' dir='ltr'>in</span> <span class='ocrx_word' id='word_1_379' title='bbox 1110 4059 1176 4118; x_wconf 91' lang='lat' dir='ltr'>edd.</span> <span class='ocrx_word' id='word_1_380' title='bbox 1196 4059 1285 4118; x_wconf 94' lang='lat' dir='ltr'>omni·</span> 
     </span>
     <span class='ocr_line' id='line_1_40' title="bbox 163 4149 1284 4228; baseline -0.002 -18"><span class='ocrx_word' id='word_1_381' title='bbox 163 4150 226 4227; x_wconf 92' lang='lat' dir='ltr'>bus,</span> <span class='ocrx_word' id='word_1_382' title='bbox 247 4159 367 4228; x_wconf 86' lang='lat' dir='ltr'>praeter</span> <span class='ocrx_word' id='word_1_383' title='bbox 386 4152 541 4213; x_wconf 77' lang='lat' dir='ltr'>secundam</span> <span class='ocrx_word' id='word_1_384' title='bbox 556 4152 670 4213; x_wconf 89' lang='lat' dir='ltr'>Lehrsii</span> <span class='ocrx_word' id='word_1_385' title='bbox 690 4153 855 4226; x_wconf 88' lang='lat' dir='ltr'>editionem,</span> <span class='ocrx_word' id='word_1_386' title='bbox 875 4158 908 4212; x_wconf 91' lang='lat' dir='ltr'>ut</span> <span class='ocrx_word' id='word_1_387' title='bbox 927 4152 1051 4225; x_wconf 81' lang='lat' dir='ltr'>videtur,</span> <span class='ocrx_word' id='word_1_388' title='bbox 1072 4162 1136 4211; x_wconf 87' lang='lat' dir='ltr'>oum</span> <span class='ocrx_word' id='word_1_389' title='bbox 1156 4149 1284 4209; x_wconf 84' lang='lat' dir='ltr'>Bekkeri</span> 
     </span>
    </p>
   </div>
   <div class='ocr_carea' id='block_1_3' title="bbox 0 0 1608 4848">
    <p class='ocr_par' dir='ltr' id='par_1_3' title="bbox 0 0 1608 4848">
     <span class='ocr_line' id='line_1_41' title="bbox 0 0 1608 4848; baseline 0 1"><span class='ocrx_word' id='word_1_390' title='bbox 0 0 1608 4848; x_wconf 95' lang='lat' dir='ltr'> </span> 
     </span>
    </p>
   </div>
  </div>
 </body>
</html>
