3208 4848
565 390 862 455 .-105-

182 571 352 632 Graeiius
377 590 406 648 p.
427 579 493 632 255.
532 572 626 633 Lehrs
650 574 849 636 Hermannum
874 584 990 636 secutus
1015 584 1074 652 est,
1099 581 1149 651 qui
1172 580 1245 640 haec
1269 581 1307 640 de

182 672 283 727 nostro
307 667 371 727 loco
397 684 425 741 p.
447 671 497 726 20:
530 666 630 739 »Quae
653 677 827 744 sequuntur,
856 671 900 729 ita
924 671 1119 731 continuanda
1144 679 1224 732 sunt:
1253 669 1307 730 οὐκ

180 756 274 835 ἐρέω·
294 759 328 816 τί
341 756 376 818 δὲ
395 757 501 817 τόσσον
520 755 708 840 ἐπισταμένην
727 781 763 820 οε
780 761 898 836 διδάξω,
918 762 947 821 εἷ
962 767 1036 821 τοῖαι
1049 765 1183 841 γεγάασιν
1201 762 1234 824 ἐν
1251 762 1307 842 Ἀρ·

181 851 282 929 γοιοιοι
301 855 441 928 γυναῖκες.
480 853 555 912 Nam
582 855 660 927 quod
685 856 722 916 de
741 857 877 917 Menelao
901 859 1102 931 interpositum
1126 865 1185 933 est,
1210 876 1306 932 neque

181 945 320 1006 cohaeret
339 961 404 1004 cum
423 946 536 1018 reliqua
555 951 696 1022 oratione,
715 967 810 1024 neque
824 952 909 1011 decet
921 951 1066 1011 Paridem.
1096 953 1152 1012 Est
1171 955 1222 1013 ille
1242 971 1305 1013 ver·

182 1055 242 1111 sus,
262 1039 287 1098 si
307 1038 377 1112 quid
396 1039 490 1110 video,
510 1040 641 1102 Helenae
660 1044 830 1103 tribuendus
850 1047 930 1104 cuius
945 1047 1038 1106 oratio
1056 1062 1091 1106 eo
1105 1045 1304 1109 additamento

181 1138 269 1191 aucta
287 1133 374 1206 plane
393 1132 551 1207 respondet
569 1133 683 1193 Paridis
703 1137 836 1210 orationi,
857 1153 883 1195 v.
904 1144 970 1196 312.

334 1263 422 1346 ἔγρεο
443 1269 498 1342 νῦν,
519 1268 690 1348 Σπάρτηθεν
709 1268 755 1330 ἐπὶ
778 1270 875 1348 Τροίην
892 1292 931 1348 με
951 1274 1098 1349 κόμισσον.

334 1357 450 1440 ἕψομαι,
471 1359 514 1428 ὡς
534 1357 679 1441 Κοθέρειοι
699 1363 797 1442 γάμων
815 1364 948 1440 βασίλειοι
968 1364 1089 1424 κελεύει.

333 1451 368 1513 οὐ
387 1453 501 1532 τρομέω
522 1454 676 1526 Μενέλαον,
697 1454 741 1515 ὅτ’
765 1455 800 1516 ἂν
824 1456 905 1536 Τροίη
922 1479 961 1535 με
981 1458 1075 1540 νοήσῃ.

334 1543 423 1607 οἶσθα
442 1550 498 1626 γορ
518 1546 561 1616 ὡς
581 1547 728 1616 Μενέλαος
747 1549 901 1617 ἀνάλκιδός
919 1548 985 1610 ἐστι
1005 1550 1169 1632 γενέθλης(

182 1695 290 1756 Conna
309 1695 469 1756 Schneider
487 1715 516 1770 p.
531 1704 597 1757 423.
617 1704 674 1756 424
693 1700 844 1771 impugnat
862 1699 937 1758 benc
956 1700 1219 1782 uanspositionem
1239 1715 1304 1759 cnm

182 1790 258 1848 enim
274 1789 387 1848 Helene
405 1790 447 1848 ibi
467 1790 545 1849 dicat
564 1788 598 1846 οὐ
617 1786 734 1865 τρομέω
748 1788 901 1863 Μενέλαον,
922 1788 966 1848 ὅτ’
991 1788 1026 1849 ἂν
1050 1790 1131 1870 Τροίη
1148 1812 1187 1868 με
1208 1789 1304 1872 νοήσῃ,

140 1915 144 1923 ·
182 1887 332 1956 »apertum
353 1887 474 1941 estnon
493 1889 554 1940 tam
573 1879 682 1940 οἶσθα
701 1881 756 1960 γὰρ
776 1899 862 1956 quam
881 1879 961 1941 οἶδα
981 1883 1036 1961 γοζο
1052 1892 1104 1944 out
1117 1893 1197 1945 certe
1216 1882 1305 1944 οἶσθα

182 1972 237 2051 γὰρ
257 1973 306 2031 καὶ
330 1973 368 2031 σύ
394 1975 577 2035 scribendum
603 1975 630 2034 ei
649 1972 748 2034 inisse.
788 1992 824 2034 ac
847 1974 978 2048 profecto
1003 1993 1060 2035 non
1083 1978 1228 2051 perspicio
1253 1994 1305 2037 cur

180 2083 237 2127 non
262 2073 361 2141 aptum
387 2069 491 2142 eiquo
515 2069 627 2142 positus
648 2075 693 2127 est
712 2071 775 2129 loco
800 2078 914 2129 versum
938 2069 1041 2129 dicam.
1071 2070 1129 2130 imo
1149 2070 1218 2142 quid
1238 2087 1304 2129 con·

180 2160 245 2220 silio
265 2161 389 2234 Paridis,
409 2162 551 2222 Helenam
572 2168 604 2220 ut
623 2169 795 2235 sequeretur
814 2180 847 2221 se
866 2164 1039 2236 pellicientie
1060 2179 1181 2235 eamque
1203 2162 1303 2222 confir·

180 2256 294 2324 mantis,
314 2258 407 2328 magis
428 2257 524 2330 potuit
544 2258 697 2316 convenire
717 2273 802 2329 quam
823 2258 979 2317 admonere
993 2254 1129 2313 feminam
1141 2257 1239 2315 mariti
1252 2257 1305 2314 im·

181 2346 265 2406 bellis
285 2355 318 2406 ut
338 2349 386 2420 qui
406 2354 527 2422 propter
545 2349 621 2408 hanc
640 2367 720 2409 suam
741 2351 867 2410 indolem
883 2367 940 2410 non
954 2365 1076 2409 ausurus
1091 2357 1169 2408 esset
1183 2366 1302 2410 uxorem

181 2442 269 2503 arnus
296 2449 431 2515 repetere
456 2449 487 2502 et
510 2442 630 2505 uleiscil
662 2445 708 2502 cni
739 2443 925 2503 admonitioni
959 2444 1108 2516 aptissime
1134 2443 1303 2515 adiungitur

180 2534 268 2604 haec,
293 2552 369 2607 quae
388 2543 419 2595 et
438 2538 503 2610 ipsa
526 2539 655 2611 pertinet
679 2538 717 2596 ad
742 2535 964 2597 confirmandam
985 2537 1139 2596 Helenam:
1165 2532 1199 2593 οὐ
1218 2539 1302 2611 τοῖοι,

178 2628 199 2685 i.
221 2645 246 2687 e.
265 2645 322 2689 non
342 2629 503 2705 ἀνάλκιδες,
528 2632 558 2689 in
578 2632 777 2706 Peloponneso
797 2637 863 2690 sunt
882 2630 1014 2690 feminae.
1055 2632 1196 2691 namhoc
1216 2647 1303 2704 quum

179 2721 253 2780 dicit
266 2722 360 2797 Paris,
379 2724 520 2784 Helenam
541 2725 613 2785 dicit
632 2725 817 2785 audaciorem
838 2740 902 2784 esse
922 2741 1008 2796 quam
1029 2740 1104 2795 quae
1118 2724 1155 2783 ob
1169 2725 1302 2783 relictum

178 2814 344 2882 Menelaum
373 2817 528 2891 quidquam
552 2808 656 2877 timere
681 2819 781 2891 possit.
820 2818 886 2876 hino
910 2824 993 2890 patet
1013 2817 1097 2875 simul
1116 2833 1174 2875 nou
1192 2821 1304 2875 mutan·

183 2909 251 2967 dum
271 2925 336 2968 esse
355 2906 389 2967 οὐ
409 2913 496 2984 τοῖαι,
520 2912 567 2970 eui
586 2912 616 2968 in
635 2910 794 2969 Mutinensi
814 2909 999 2967 substitutum
1020 2907 1048 2966 εἰ
1064 2909 1153 2980 τοῖοι,
1174 2906 1205 2965 id
1225 2908 1302 2980 quod

181 3002 362 3062 Hermennus
384 3005 593 3064 commendavit
612 3005 781 3076 recepitque
800 3003 948 3087 Lehrsius.
989 3002 1060 3060 illud
1080 3007 1177 3060 autem
1197 3002 1303 3074 permi-

180 3114 242 3156 rum
263 3106 317 3171 eet,
337 3099 387 3170 qni
400 3098 526 3158 tolerare
539 3100 688 3172 potuerint
701 3098 829 3159 editores
848 3099 927 3158 istud
947 3097 1060 3174 ἀνδρῶν
1081 3093 1181 3162 εἶδος
1200 3092 1304 3177 ἔχουσι

180 3206 205 3246 ν.
226 3197 297 3263 302,
322 3207 389 3249 nam
414 3208 489 3264 quae
514 3190 716 3252 infirmioribus
744 3208 829 3265 qnam
850 3193 904 3250 viri
924 3198 1059 3251 crescunt
1078 3192 1214 3250 membris
1234 3208 1303 3265 quo·

179 3282 264 3341 modo
277 3285 402 3344 virorum
422 3287 580 3359 speciem
601 3287 712 3360 possint
725 3286 842 3358 habere,
863 3302 951 3357 quum
963 3287 1089 3346 virorum
1103 3285 1232 3344 membra
1246 3285 1304 3343 sint

180 3376 271 3451 firma,
291 3378 403 3438 infirma
423 3381 583 3452 mulierum,
603 3385 636 3437 ut
656 3397 691 3438 ex
712 3379 878 3439 infirmitate
896 3380 993 3438 statim
1013 3385 1154 3451 appareat
1173 3377 1302 3436 mulieris

178 3472 303 3531 naturai
323 3489 395 3533 unus
415 3474 490 3532 hanc
509 3474 601 3532 sensit
617 3489 714 3531 rerum
734 3474 956 3546 repugnantiam
969 3471 1165 3544 Dausqueius‚
1185 3470 1234 3542 qui
1255 3467 1304 3526 aui

180 3561 235 3639 γὰρ
260 3562 528 3642 ἀρειοτέροιοιν
547 3563 575 3621 ἀ.
593 3584 624 3640 μ.
650 3565 739 3624 scribi
764 3567 856 3624 voluit
881 3564 1071 3637 [improbatus
1095 3563 1302 3636 aLennepio].

179 3673 279 3716 verum
297 3675 334 3717 ne
359 3659 413 3719 hoc
437 3658 553 3732 quidem
574 3656 687 3716 suffieit.
717 3674 784 3716 nem
804 3675 891 3731 quum
910 3658 1035 3731 probare
1048 3657 1132 3716 Paris
1152 3657 1223 3715 velit
1242 3672 1304 3715 mu·

181 3751 268 3810 lieres
288 3753 412 3825 Argivas
431 3769 489 3812 non
509 3768 573 3812 esse
593 3751 763 3825 dedimiae,
788 3753 817 3810 in
837 3751 893 3810 hac
917 3751 1089 3824 probatione
1113 3766 1171 3808 non
1190 3750 1304 3822 speeies

180 3852 300 3904 externa
323 3846 462 3918 virorum,
487 3846 540 3906 sed
565 3846 676 3906 indoles
697 3846 785 3904 animi
804 3846 898 3905 locum
917 3845 1015 3904 habet.
1056 3844 1156 3915 itnque
1175 3843 1304 3902 scriben-

179 3937 260 3996 dum:
286 3935 402 4015 ἀνδρῶν
426 3933 517 4017 ἦθος
542 3933 658 4018 ἔχουσι,
685 3938 761 3997 unde
787 3937 885 3996 evadit
903 3954 979 4010 qnae
999 3938 1082 3995 unice
1101 3937 1149 3995 hic
1168 3944 1239 4009 apta
1259 3944 1306 3995 est

181 4032 326 4091 sententia
346 4033 429 4091 talis:
449 4049 506 4092 nou
526 4032 657 4091 imbelles
677 4040 744 4090 sunt
758 4033 788 4089 in
801 4031 1000 4105 Peloponneso
1013 4028 1147 4103 feminae,
1167 4045 1233 4087 uam
1248 4031 1303 4088 etsi

179 4125 383 4186 infirmioribus
403 4132 537 4186 crescunt
555 4127 699 4198 membris,
719 4127 845 4185 virorum
863 4130 960 4183 tamen
976 4123 1101 4183 indolem
1120 4124 1303 4194 animumque
