3208 4848
658 423 870 484 ..77-

360 591 529 669 ἀηνώσσεις,
550 590 593 648 ὅτι
610 590 719 666 μᾶλλον
739 587 891 655 ἀνάλκιδές
911 589 980 647 εἶσιν
996 585 1116 668 Ἀθῆναι,

359 684 396 741 αἱ
416 685 507 755 τεαί,
533 683 767 758 εἰδαλίμοισιν
788 680 980 759 ἀγαλλόμεναι
999 681 1171 771 ρολέμοισιν.

203 796 387 869 speciosis
414 795 536 863 bellis,
563 792 681 851 ualere
707 791 851 867 εἰδάλιμος
882 799 927 850 est
954 792 1031 865 apud
1050 793 1192 852 Mnasalc.
1214 809 1258 865 ep.
1281 795 1325 864 17,

204 895 234 946 et
253 889 336 961 origo
359 888 490 947 vocabuli
510 888 658 960 postulare
679 886 804 953 videtur,
826 888 871 944 vel
892 882 1081 961 οὐδαμινοῖσιν
1103 893 1153 943 aut
1174 882 1326 942 οὐτιδανοῖ-

204 1000 265 1052 σιν,
294 981 434 1053 cpitheto,
454 979 532 1051 quod
554 980 656 1038 Nonno
682 979 711 1035 in
736 979 847 1037 deliciis
872 985 944 1036 est«.
986 978 1043 1037 Sed
1067 985 1147 1036 recte
1168 979 1274 1037 codicis
1294 979 1326 1035 M

204 1074 355 1132 lectionem
371 1072 505 1145 probavit
518 1072 665 1129 Hermann
684 1090 712 1144 p.
730 1073 773 1130 17.
795 1104 832 1112 -
853 1069 1032 1144 κυδαλίμοισι
1047 1070 1082 1142 G,
1103 1069 1266 1145 πολέμοισιν
1280 1071 1326 1142 M,

204 1172 270 1238 post
289 1163 436 1239 πολέμοισι
456 1165 568 1236 signum
588 1164 823 1235 interrogationis
845 1179 880 1221 ex
906 1164 965 1222 solo
986 1162 1010 1220 P
1031 1165 1160 1234 enotavi,
1187 1160 1327 1239 κεκραμέ-

458 1245 466 1281 ι“
744 1253 756 1280 υ

206 1310 260 1347 νων
276 1290 346 1363 QV,
374 1288 557 1365 κεκραμένων
572 1290 644 1363 SW,
672 1286 884 1365 κεκριμένωνΡ
905 1293 991 1357 (corr.
1013 1307 1049 1347 m.
1066 1293 1108 1360 2),
1133 1288 1327 1365 »κεκριμένων

203 1381 315 1458 μελέων
342 1383 431 1455 (quod
456 1400 492 1441 ex
512 1383 623 1442 duobus
643 1384 738 1442 Nonni
758 1383 830 1442 locis
850 1383 1002 1441 Bekkerus
1029 1384 1141 1456 attulit,
1168 1385 1197 1440 in
1222 1388 1327 1441 neutro

206 1481 302 1534 autem
323 1477 476 1544 invenitur,
497 1476 548 1534 sed
569 1477 678 1547 legitur
691 1475 831 1548 Paraphr.
848 1483 893 1548 19,
911 1479 977 1546 188)
998 1483 1121 1548 apparet
1141 1492 1219 1533 esse:
1241 1492 1327 1546 quum

206 1569 334 1628 discreta
353 1571 410 1626 sint
429 1569 557 1626 membra
576 1570 664 1626 maris
679 1585 714 1626 ac
733 1567 857 1626 feminae
871 1584 924 1626 nec
939 1584 1071 1639 umquam
1092 1569 1230 1635 membra,
1252 1584 1326 1640 quae

207 1663 270 1721 sola
289 1669 355 1719 sunt
375 1662 413 1720 ad
432 1662 538 1720 bellum
559 1668 638 1734 apta,
663 1662 693 1718 in
713 1660 819 1719 femina
840 1662 898 1719 sint
919 1668 970 1718 aut
989 1670 1106 1733 eontra,
1135 1660 1211 1733 quod
1231 1662 1328 1718 monui

207 1760 326 1827 propter
350 1755 519 1812 Mauritium
545 1754 687 1826 Schmidt,
713 1755 749 1812 de
769 1755 884 1827 Didym.
910 1773 937 1828 p.
953 1763 989 1814 39
1010 1763 1086 1814 not«
1125 1754 1329 1814 Schneider

207 1865 237 1920 p.
251 1855 315 1906 439.
330 1855 396 1914 440.
429 1847 547 1905 Bekker
572 1848 634 1905 sine
654 1864 742 1905 causa
762 1842 811 1925 ἤτ’
832 1845 955 1923 ἄρσενες
975 1842 1026 1924 ἤτε
1046 1852 1179 1924 γυναῖκες
1199 1850 1327 1908 coniece-

207 1947 262 1998 rat.
284 1971 317 1980 -
341 1935 405 1996 οὐτ’
421 1939 486 2011 OQ,
507 1936 623 2010 αὐτοῦ,
651 1934 711 1996 οὔτ’
731 1973 765 1980 —-
782 1943 913 2016 γυναῖκες
933 1940 1078 1999 adama
1099 1942 1129 1998 in
1141 1940 1188 2012 M,
1212 1973 1243 1981 -
1268 1937 1328 1999 190

208 2035 284 2090 τοῖον
306 2048 340 2090 ex
359 2033 392 2090 M
415 2033 531 2090 iubente
556 2032 721 2092 Hermanno
750 2051 779 2106 p.
796 2035 830 2092 17
857 2035 969 2106 recepit
995 2034 1103 2104 Lehrs,
1129 2037 1194 2090 τοῖα
1214 2030 1245 2089 δ’
1267 2035 1329 2094 rell.

208 2125 291 2185 codd.
311 2130 341 2182 ot
358 2123 424 2182 edd.
443 2131 561 2197 praeter
574 2124 748 2195 Bekkerum,
770 2128 819 2196 qui
840 2121 930 2182 τοιάδ’
956 2126 1056 2197 edidit,
1078 2125 1155 2198 quod
1177 2132 1223 2184 est
1242 2128 1329 2183 etiam

738 2214 748 2242 ν

208 2254 238 2309 1ο
259 2252 299 2323 Q,
326 2283 359 2292 —
381 2251 612 2326 ιηοοσεννεπεΜ,
637 2249 808 2326 προσένεπεν
823 2252 858 2322 S,
882 2248 993 2329 Ἀδηνην
1013 2268 1068 2311 om.
1083 2252 1124 2323 M,
1146 2268 1244 2324 quaro,
1265 2268 1329 2308 cum

209 2362 266 2403 non
286 2345 375 2402 solam
395 2343 569 2416 Minervam,
595 2345 647 2402 sed
666 2346 804 2403 lunonem
823 2360 936 2416 quoque
962 2345 1088 2403 allocuta
1113 2345 1152 2402 sit
1173 2345 1278 2418 Venus,
1300 2352 1330 2402 et

206 2433 319 2514 Ἄδηνην
344 2438 374 2495 in
399 2436 524 2496 secundo
549 2438 653 2496 abhinc
679 2453 764 2495 versu
789 2439 819 2494 in
845 2437 947 2495 eadem
974 2454 1073 2496 versus
1099 2437 1168 2496 sede
1189 2444 1329 2509 recurrat,

209 2531 305 2589 nescio
326 2547 364 2588 an
384 2530 558 2589 deteriorum
577 2530 707 2588 codicum
727 2531 871 2602 scriptura
891 2525 998 2606 ’Λθήνην
1012 2531 1132 2590 lacunae
1149 2530 1330 2602 obtegendae

211 2639 299 2682 causa
314 2639 332 2680 a
344 2623 471 2682 librariis
484 2639 541 2681 non
555 2623 638 2680 nimis
651 2624 796 2695 sagaciter
812 2640 847 2681 ex
866 2641 892 2681 v.
910 2631 964 2682 192
979 2625 1071 2681 ascita
1085 2626 1138 2695 sit,
1160 2621 1250 2700 ἀδηνη
1264 2623 1330 2695 Lai,

211 2714 301 2794 ἀδηνη
314 2717 350 2788 A,
370 2714 461 2793 ἀδηνη
475 2716 510 2786 O,
533 2748 566 2757 -
589 2713 644 2774 191
665 2712 780 2793 ὣοημεν
794 2718 836 2789 Μ,
856 2715 873 2793 η
892 2719 955 2776 rell.
972 2717 1054 2776 codd.
1077 2724 1106 2774 et
1127 2716 1202 2787 edd,
1222 2712 1240 2793 ἦ
1261 2732 1328 2788 ege,

210 2807 399 2884 πτολλπορδον
418 2809 459 2881 Μ,
479 2806 658 2885 πολύπορδον
675 2809 715 2880 L,
740 2808 856 2882 αεδλίον
874 2811 921 2881 Μ;
947 2805 1037 2886 ἔλαχε
1057 2810 1080 2881 Q
1106 2816 1174 2867 ante
1199 2825 1281 2880 corn,
1302 2810 1331 2881 S,

210 2901 249 2962 W
262 2909 329 2960 ante
350 2917 424 2961 corr.
444 2933 481 2944 -
498 2921 616 2979 μορφης
627 2902 676 2972 Μ;
700 2934 731 2942 -
754 2899 814 2960 199
835 2900 903 2979 ηρην
917 2903 965 2973 M,
986 2900 1151 2969 ἐξελασασα
1164 2903 1206 2974 M,
1226 2898 1330 2968 ἐξαλά-

211 3014 288 3052 σασα
302 2995 340 3067 Q,
362 3027 396 3036 —-
417 2993 523 3071 αδηνην
537 2995 583 3066 Μ;
606 3025 641 3036 -
662 2992 719 3052 199
734 2994 848 3070 ιμείρων
862 2995 903 3064 Μ,
926 2994 1040 3070 ἱμείρων
1054 2995 1095 3065 A,
1116 2991 1236 3072 ἠλαίνων
1251 2995 1332 3054 dnbi-

211 3094 308 3147 tenter
331 3089 404 3146 coni.
424 3088 567 3146 Teurnier
586 3089 675 3159 1127.
705 3085 975 3163 bne'pwacAOLN,
1001 3087 1093 3163 ηνΜ;
1121 3087 1181 3144 εἶδε
1196 3089 1242 3161 M,
1269 3085 1332 3146 οἶδε

212 3181 294 3253 AQS
315 3186 345 3238 et
358 3180 423 3238 edd.
438 3186 505 3238 ante
518 3179 692 3252 Bekkerum,
707 3182 756 3252 qui
770 3176 830 3238 εἶδε
844 3194 908 3239 οοω
922 3182 985 3239 rell
999 3180 1083 3250 codd.
1105 3213 1138 3223 -
1159 3179 1218 3239 194
1233 3181 1333 3256 ἀθροι-

212 3291 268 3339 σας
280 3274 323 3345 Μ,
343 3271 486 3350 ἀθροίσας
504 3273 581 3344 quod
595 3290 631 3332 ex
644 3273 678 3346 V,
699 3282 787 3346 atque
801 3276 943 3347 Anonymi
963 3282 994 3332 et
1013 3274 1148 3333 Dorvillii
1167 3276 1334 3351 coniectura

211 3401 320 3472 primus
333 3401 445 3473 recepit
457 3400 585 3475 Lennep,
605 3401 714 3460 habent
732 3403 819 3460 etiam
834 3400 906 3473 SW,
927 3363 1059 3477 aapZ‘aac
1071 3401 1105 3472 Ρ,
1131 3397 1264 3477 ἀθρήσας
1277 3400 1332 3461 AO

213 3492 277 3560 laed
297 3494 344 3552 hic
363 3510 428 3552 cum
446 3494 545 3567 glossa
568 3492 705 3566 σονάξας)
727 3494 893 3566 GLNQR,
919 3492 1083 3551 επιδασκιον
1097 3493 1143 3566 Μ,
1168 3489 1334 3552 ἐπιδάσκιον

211 3584 376 3658 LNPQS,
404 3619 438 3628 -
464 3584 693 3664 ηγαγενύληνΜ,
719 3582 784 3663 ὕλην
805 3588 892 3645 etiam
913 3587 974 3644 rell.
996 3585 1079 3644 codd.
1101 3592 1131 3643 et
1158 3585 1238 3656 edd,
1258 3578 1334 3663 Ἴδην

213 3678 315 3735 maluit
333 3677 473 3736 Wernike
493 3679 597 3737 collato
618 3679 723 3750 Quinto
745 3679 902 3751 Smyrnaeo
923 3676 1045 3742 δάσκιος
1065 3671 1124 3754 Ἴδη
1145 3678 1249 3750 9495,
1270 3678 1334 3736 ποτὶ

213 3768 332 3828 δάσκιον
344 3764 420 3848 Ἴδην
435 3771 473 3829 id.
488 3770 557 3829 VIII
571 3778 636 3841 343,
652 3778 683 3830 et
696 3770 896 3844 Tryphiodoro
917 3788 943 3829 v.
959 3778 1015 3829 324
1036 3765 1190 3846 ἔβρεμεδ
1215 3769 1334 3853 δμφαίη-

213 3880 256 3920 σιν
276 3859 336 3938 ἅμα
355 3862 439 3939 δρυσὶ
458 3862 610 3929 δάσκιος
622 3858 702 3942 Ἴδη.
736 3864 811 3923 Olim
825 3864 971 3922 Wernildi
984 3865 1179 3922 coniecturam
1192 3866 1333 3940 reeipien-

214 3956 280 4014 dam
300 3972 364 4017 ease
385 3962 416 4015 et
434 3974 460 4015 v.
476 3964 530 4017 196
545 3959 693 4030 vulgatum
711 3953 780 4034 91ης
798 3975 852 4031 pro
865 3957 898 4015 M
911 3957 978 4015 libri
990 3950 1068 4035 Ἴδης
1080 3974 1099 4016 a
1112 3958 1246 4019 Bekkero
1267 3977 1334 4033 pro·

215 4047 285 4109 bato
305 4050 514 4109 restituendum
533 4068 597 4110 esse
617 4052 695 4124 duxi,
716 4068 779 4110 cum
800 4053 899 4125 inepte
920 4050 1047 4110 dicatur:
1071 4052 1163 4111 »viros
1183 4054 1213 4119 in
1234 4054 1333 4112 silvam

217 4143 609 4215 duxit,nbiarborealdae
631 4151 839 4206 monacnum«
867 4163 921 4220 pro
946 4163 990 4219 eo,
1014 4147 1091 4219 quod
1116 4147 1173 4205 dici
1199 4146 1333 4219 debebat,
