3210 4836
719 411 932 475 ..36-

262 585 480 646 excutiebatur«
501 583 599 657 vertit,
615 580 746 642 Graefius
766 599 794 655 p.
807 587 861 641 243
881 585 949 654 post
962 598 988 641 v.
1000 586 1038 639 24
1053 596 1103 641 eos
1122 580 1305 641 collocandos
1320 596 1384 639 esse

261 679 334 739 dixit
353 679 395 738 sic
415 679 538 752 scriptos
559 676 596 735 de
615 676 730 735 intonsa
745 673 887 747 Apollinis
907 688 1005 733 coma:
1025 671 1166 751 χρυσείης
1185 669 1213 729 δ’
1237 667 1384 748 ἑκάτερθε

260 768 465 848 τινασσομένης
484 766 661 845 πλοκαμῖδας
682 765 795 845 Βύτρος
820 765 1024 844 ἀκερσεκόμης
1044 764 1170 844 Ζεφύρῳ
1196 764 1383 843 στυφελίζετο

258 864 371 943 χαίτης.
412 864 504 935 Quam
528 862 722 921 coniecturam
746 876 804 920 non
828 860 940 933 recepit
964 859 1072 932 Lehrs,
1098 860 1168 919 licet
1187 861 1237 932 qui
1262 860 1382 918 eandem

259 957 515 1031 transpositionem
539 956 689 1014 invenerat
709 954 857 1012 Hermann
876 971 904 1027 p.
921 960 971 1023 10,
996 954 1216 1027 perelegantem
1236 968 1299 1011 cam
1319 967 1384 1010 esse

259 1050 438 1110 iudicaverit
478 1051 585 1109 Lenius
606 1047 765 1109 Schneider
788 1065 817 1121 p.
831 1054 897 1106 422.
919 1055 975 1107 423
1005 1047 1128 1106 laudata
1158 1046 1383 1119 transpositione

259 1145 331 1203 nihil
349 1145 405 1203 nisi
425 1142 632 1220 τινασσόμενος
654 1144 683 1201 in
708 1138 913 1216 τινασσομένοο
936 1142 1059 1200 mutavit
1086 1140 1153 1199 »ubi
1179 1135 1384 1215 τινασσομένοο

260 1236 402 1310 significat
425 1238 657 1321 properantis
687 1235 775 1308 [quod
799 1234 862 1295 fieri
887 1250 973 1308 posse
997 1235 1045 1292 vix
1070 1232 1170 1307 credo]
1197 1233 1244 1292 cui
1268 1232 1383 1290 dativus

258 1350 289 1409 χ.
314 1329 486 1408 πλοκάμοισι
515 1331 617 1391 eadem
641 1331 755 1390 ratione
785 1336 831 1388 est
860 1328 977 1388 additus
1008 1333 1096 1399 atque
1123 1328 1186 1385 eius
1211 1325 1289 1385 modi
1312 1326 1383 1385 locis

151 1502 157 1513 ἱ
259 1425 358 1496 quales
389 1431 456 1484 sunt
485 1426 568 1484 Hom.
593 1426 627 1482 Il.
645 1423 675 1482 ΙΙ
697 1430 751 1483 148
783 1419 858 1499 λὴὶον
884 1455 917 1464 -·
942 1420 994 1478 ἐπί
1018 1417 1043 1477 τ’
1077 1417 1159 1497 ἠμύει
1188 1415 1383 1498 ἀσταχύεσσιν

260 1523 311 1576 aut
329 1518 425 1578 Nonni
443 1519 561 1591 Dionys.
576 1517 604 1576 II
618 1525 655 1577 80
676 1513 882 1591 κυλινδομένων
908 1513 1093 1591 κυπαρίσσων
1113 1509 1273 1592 αὐχμηραῖς
1298 1509 1384 1568 πετά-

260 1609 374 1667 λοισινο.
409 1612 483 1669 Mihi
504 1612 584 1668 nulla
596 1611 758 1669 mutatione
771 1627 844 1683 opus
858 1625 923 1667 esse
939 1608 1063 1679 videtur,
1084 1608 1169 1667 modo
1184 1624 1248 1665 cum
1261 1607 1382 1665 Lehrsio

259 1710 404 1764 vertatur:
422 1705 536 1762 »aureis
551 1711 646 1762 autem
661 1703 805 1774 utrimque
821 1704 948 1774 agitatus
964 1703 1102 1760 cincinnis
1118 1702 1239 1775 capillus
1253 1701 1382 1759 intonsus
1500 1725 1502 1729 ¹

258 1796 391 1870 Zephyro
404 1797 622 1856 concutiebatur
632 1812 761 1855 comae«.
775 1827 807 1838 -—
821 1793 863 1854 27
874 1792 945 1871 μεθ’
964 1792 1196 1872 ὡμάρτησεΜι.
1208 1801 1238 1852 et
1249 1795 1282 1867 Q,
1293 1792 1383 1869 μεθο-

255 1888 388 1967 μιὶρτησε
401 1890 434 1947 Μ
451 1897 488 1958 2.,
507 1886 723 1966 μούωμοὶρτησε
743 1888 867 1948 APSW
888 1888 954 1947 edd.
976 1895 1042 1947 ante
1058 1889 1168 1961 Steph.,
1192 1885 1261 1963 μεθ’
1287 1883 1383 1962 ὡμάρ-

258 2001 329 2059 τησε
350 1983 469 2042 GLNR
487 1982 613 2041 Βούλιοι.
634 1982 689 2039 Iul.
703 1982 805 2040 Lehrs.
823 1977 893 2057 μέθ’
918 1978 1077 2059 ὡμάρτησε
1096 1983 1159 2039 rell.
1175 1981 1240 2038 edd.
1255 1980 1382 2038 Restitui

255 2072 380 2149 μεθώμ,
401 2081 433 2133 ut
454 2075 541 2134 etiam
562 2073 695 2132 Graefius
715 2091 743 2146 p.
759 2081 813 2132 243
835 2076 969 2132 correxit.
1000 2106 1031 2114 —
1061 2071 1103 2131 28
1124 2069 1187 2130 ουδ>
1212 2074 1244 2130 Μ
1260 2081 1295 2144 1.,
1316 2067 1383 2128 οὐδ’

258 2168 291 2226 Μ
305 2175 347 2239 2.;
374 2162 451 2224 ούτω
470 2184 524 2240 pro
544 2164 615 2243 αὐτῆ
634 2167 726 2226 Anon.
747 2166 929 2240 improbante
948 2167 1113 2239 Lennepio;
1139 2166 1275 2243 ἀρμονιης
1293 2166 1326 2224 Μ
1347 2173 1382 2238 1.,

258 2257 393 2337 ἁρμονίης
410 2260 443 2317 Μ
458 2268 494 2332 2,,
514 2256 650 2337 ἁρμονίης
671 2259 701 2327 (λ,
722 2256 875 2335 ύφμονείης
893 2259 930 2330 A,
950 2257 1092 2336 ἁρμοδιης
1113 2260 1152 2332 Q3
1178 2258 1321 2337 ἀφροδιτη
1340 2258 1381 2315 Μ.

258 2353 304 2411 De
327 2352 383 2412 hoc
407 2370 493 2412 versu
518 2369 604 2425 quem
622 2360 702 2412 recte
722 2353 815 2411 Lehrs
848 2369 959 2424 »neque
985 2355 1049 2426 ipen
1073 2355 1176 2426 regina
1200 2355 1288 2412 etiam
1316 2370 1382 2413 con-

222 2509 225 2513 ,
258 2447 338 2519 ingii,
359 2447 474 2505 Venus(
497 2447 598 2518 vertit,
623 2447 693 2505 nihil
713 2447 769 2505 nisi
790 2448 918 2506 virorum
942 2447 1092 2506 doctorum
1113 2448 1314 2506 annotationes
1335 2463 1382 2504 su·

257 2539 371 2597 biciam.
412 2539 579 2598 »Brodaeus
606 2539 725 2610 reliquis
751 2541 859 2598 rectius
880 2538 929 2595 xci
954 2539 1133 2613 superfluum
1158 2557 1223 2599 esse
1251 2547 1281 2599 et
1297 2538 1382 2614 βασί-

259 2629 335 2688 λειαν
349 2629 499 2707 Ἁρμονίης
519 2648 599 2690 more
619 2636 716 2690 nostro
730 2630 866 2690 familiari
879 2633 1033 2691 admodum
1049 2634 1278 2705 coniungendam
1299 2632 1380 2690 vidit.

257 2724 304 2782 lta
319 2721 453 2801 Χαρίτων
471 2722 606 2799 βασίλεια
626 2741 651 2782 v.
667 2731 711 2783 16.
738 2721 876 2799 θαλάμων
893 2723 1029 2799 βασίλεια
1049 2743 1074 2781 v.
1092 2728 1155 2785 13t.
1183 2725 1280 2801 χοὶμων
1297 2724 1382 2799 βασί-

259 2815 320 2874 λεια
333 2834 358 2875 v.
374 2826 439 2877 306.
459 2819 593 2876 Minerva
605 2816 735 2894 πολέμων
746 2817 880 2894 βασίλεια
893 2836 918 2876 v.
930 2826 976 2880 89.
996 2817 1114 2875 σακέων
1124 2817 1261 2893 βασίλεια
1274 2820 1380 2876 1.-174.

257 2911 389 2969 Bacchus
410 2907 551 2986 ἡμερίδων
568 2908 706 2985 βασιλεὺς
725 2928 752 2966 v.
766 2917 831 2968 258.
872 2910 943 2969 Cum
968 2917 1065 2969 tamen
1085 2927 1142 2969 non
1161 2910 1233 2968 nihil
1254 2908 1382 2968 offendat

259 3003 360 3062 addita
379 3005 480 3063 vocula
501 3003 557 3073 xci,
578 3021 631 3078 pro
646 3021 680 3064 eo
694 3003 755 3062 fere
770 3004 951 3063 scribendum
966 3005 1130 3076 suspicaret
1151 2998 1222 3082 καθ’
1246 3011 1276 3062 et
1296 3005 1382 3063 unica

257 3096 344 3154 litera
369 3097 447 3155 vocis
467 3093 612 3174 Ἁρμονίης
636 3103 760 3155 mutata:
798 3095 865 3154 Οὐδ’
896 3094 967 3175 αὐτὴ
991 3096 1127 3171 βασίλεια
1151 3095 1225 3154 καθ’
1251 3094 1382 3172 Αἱμονίης

254 3185 411 3265 Ἀφροδίτη.
452 3189 530 3248 Ordo
551 3195 608 3247 est:
629 3187 693 3246 οὐδ’
714 3186 785 3268 αὐτη
803 3189 834 3265 β.
850 3187 999 3268 Ἀφροδίτη
1013 3188 1135 3269 δηύυνεν
1149 3187 1292 3270 ἐρχομένη
1306 3187 1377 3248 καθ’

260 3279 389 3361 Αἱμονίης
411 3278 445 3348 ἐς
469 3277 562 3339 ἄλσεα
591 3279 772 3360 Κενταύροιο.
888 3284 1034 3343 D‘Orville
1056 3286 1243 3357 ..vulgatae
1268 3282 1381 3356 praefe-

258 3376 379 3433 rendum
406 3376 581 3434 existimavit
606 3373 680 3452 μεύ’
704 3373 850 3454 Ἁρμονίης
875 3374 1023 3455 Ἀφρυδίτη
1052 3395 1071 3435 a
1096 3394 1154 3450 qua
1180 3375 1385 3435 emendatione

259 3466 356 3527 forsan
384 3484 441 3528 non
470 3468 703 3528 discedendum«.
733 3470 889 3544 Lennep.
916 3471 1009 3529 Iulien
1039 3472 1089 3542 qui
1119 3469 1300 3541 Lennepium
1329 3469 1382 3526 im·

259 3562 362 3619 merito
383 3561 530 3633 obiurgat,
557 3564 641 3633 quasi
660 3562 710 3620 ille
730 3559 876 3639 Ἁρμονίης
899 3564 954 3622 hoc
979 3564 1043 3622 loco
1061 3563 1185 3620 Veneris
1207 3560 1294 3619 filiam
1316 3576 1380 3619 esse

260 3654 424 3725 statuisset,
451 3654 593 3727 probante
618 3671 737 3715 censore
758 3657 941 3730 Gottingensi
965 3657 1059 3715 locum
1080 3656 1123 3714 sic
1146 3655 1235 3713 vertit
1261 3655 1381 3726 ›Neque
1419 3648 1423 3654 ’

259 3747 324 3819 ipsa
342 3747 446 3819 regina
465 3748 598 3806 amatorii
617 3750 708 3807 nexus
730 3750 826 3808 Venus
847 3749 990 3808 cunctata
1010 3753 1055 3807 est
1075 3749 1192 3806 veniens
1212 3749 1242 3805 in
1262 3763 1382 3808 nemora

261 3839 425 3898 Centauri«.
455 3839 528 3897 Tum
543 3840 675 3900 Graefius
689 3861 717 3916 p.
733 3850 787 3901 243
811 3843 936 3901 »Locum
950 3841 1200 3914 impeditissimum
1214 3844 1263 3914 qui
1276 3843 1380 3915 hyper·

260 3932 348 3991 baton
367 3938 474 4004 amant,
494 3931 618 3993 fortasse
632 3936 704 3993 satis
719 3934 885 4007 expeditum
902 3933 1055 4006 putabunt,
1076 3934 1181 3992 iunctis
1196 3935 1291 3993 verbis
1312 3931 1380 3991 οὐδὲ

261 4023 321 4081 καὶ
339 4020 409 4100 αύτὴ
427 4023 497 4099 βασ.
513 4023 588 4102 Ἁρμ.
608 4024 679 4104 Ἀφρ,
706 4028 808 4099 quibus
833 4043 891 4085 non
915 4026 1116 4084 invidebimus
1155 4028 1181 4086 Ε
1208 4027 1380 4087 coniecturis

260 4118 395 4178 facillima
416 4125 460 4177 est
480 4119 623 4193 Lennepii
648 4120 719 4178 κού·
747 4119 884 4197 Αἱμονίης,
911 4136 996 4178 versu
1018 4122 1063 4179 17.
1084 4120 1168 4191 facile
1190 4119 1379 4190 stabilienda3

259 4212 348 4271 habet
374 4214 475 4286 etiam,
501 4215 577 4285 quod
602 4216 730 4287 placeat,
756 4214 889 4274 Dorvillii
911 4211 985 4289 μεθ’
1009 4205 1180 4290 (Αρμυνίηςς
1198 4213 1379 4287 probandum
