3210 4836
758 404 968 468 ...68-

296 591 391 652 omnIs
410 590 467 650 Ioci
486 588 530 648 vIs
549 589 636 662 perit,
657 604 723 647 cum
743 590 815 647 nihil
834 588 949 648 Paridis
969 586 1106 661 referret,
1126 592 1225 646 utrum
1244 589 1315 646 luno
1335 588 1426 647 Asiae

299 700 398 758 regem
415 684 584 756 imponeret,
604 681 661 739 nisi
673 682 737 754 ipse
751 697 803 740 rex
816 681 929 740 futurus
948 686 1053 739 esset«.
1084 680 1126 738 Σε
1140 683 1226 741 etium
1247 686 1313 754 post
1332 680 1426 757 πάσης

299 775 400 834 inferri
425 790 512 848 posse
536 774 655 833 Bekker
679 775 789 835 monuit
814 779 845 832 et
864 774 906 831 sic
925 773 1064 832 Wernike
1088 773 1127 833 ud
1146 774 1303 847 Tryphiod.
1324 792 1352 845 p.
1365 780 1424 832 264

300 869 390 927 tucite
410 868 535 941 scripsit.
574 866 715 925 Prohevit
734 866 881 925 Hermann
899 883 930 939 p.
946 874 980 926 16
1007 872 1037 925 et
1056 866 1214 926 Schneider
1238 868 1353 940 11437,
1377 881 1425 922 re·

300 961 379 1033 cepit
391 961 493 1032 Lehrs,
512 964 632 1033 propter
644 960 721 1017 mole
735 959 838 1017 elisum
851 959 980 1018 vocalem
992 960 1167 1032 Improhevit
1179 959 1316 1018 Lnduich
1330 957 1424 1031 Symh.

301 1052 364 1110 crit.
377 1068 408 1125 p.
423 1059 469 1111 30.
489 1057 535 1110 el.
567 1050 624 1110 Sed
639 1048 772 1121 equidem
788 1055 818 1107 et
831 1055 951 1122 propter
964 1051 1137 1108 sententium
1151 1056 1182 1108 et
1195 1056 1315 1123 propter
1328 1068 1353 1108 v.
1370 1057 1424 1109 143

301 1141 401 1219 (δεῦρό
426 1161 466 1200 σε
491 1140 679 1218 τειρομένοισι
705 1140 857 1199 σαόπτολιν
877 1140 999 1217 ἀνδράσι
1023 1140 1138 1219 θήσω)
1159 1144 1251 1201 sotius
1272 1142 1339 1201 duxi
1359 1159 1427 1216 pro·

300 1252 403 1295 nomen
417 1234 524 1295 Inierre
539 1239 570 1293 et
586 1235 749 1293 colluthum
765 1251 822 1295 non
835 1235 926 1306 magis
940 1251 976 1292 ec
990 1235 1220 1309 Tryphiodorum
1238 1236 1422 1295 abhorruisse

301 1345 320 1386 s
339 1329 539 1402 pronominum
559 1328 679 1386 elisione
699 1333 836 1387 statuere.
860 1361 892 1370 -
914 1325 1054 1405 ἡμετέρης
1074 1329 1157 1391 codd.
1178 1334 1209 1389 et
1229 1330 1293 1388 edd.
1314 1347 1423 1402 omnes,

300 1422 356 1480 nisi
381 1421 458 1493 quod
482 1417 623 1497 ἡμετέρης
643 1419 666 1479 (i
691 1424 722 1478 et
746 1417 885 1497 ὑμετέρης
910 1422 955 1480 ed.
981 1421 1138 1481 Scheeieri.
1178 1423 1236 1482 Sed
1263 1429 1343 1482 recte
1367 1423 1425 1480 ism

303 1512 433 1573 (iraefius
454 1531 482 1587 p.
498 1520 566 1572 246:
597 1513 674 1571 »scio
694 1509 834 1589 ημτέρης
854 1510 969 1571 defendi
982 1531 1087 1587 posse3
1113 1516 1209 1573 verius
1230 1522 1327 1574 tamen
1347 1520 1427 1574 esset

302 1605 458 1684 ὑμετέρης,
484 1623 570 1679 quum
592 1605 676 1664 Poris
702 1606 854 1665 incolebat.
893 1607 978 1666 Nunc
1004 1609 1088 1666 nimis
1113 1615 1235 1681 anguste
1261 1609 1297 1667 de
1317 1609 1426 1666 Iunone

301 1700 391 1759 Idaeo
412 1699 605 1772 cogitandum.
645 1699 804 1758 Praeterea
828 1699 949 1758 offendit
969 1706 1014 1757 ter
1033 1716 1184 1759 recurrens
1204 1720 1253 1778 ης;
1284 1702 1339 1759 etsi
1360 1718 1426 1760 con·

302 1792 372 1852 ferri
395 1798 494 1866 potest
521 1810 547 1852 v.
568 1800 632 1852 198.
671 1793 792 1852 Poterat
815 1798 924 1850 tamen:
952 1788 1087 1858 Ἀσίδος
1109 1790 1249 1870 ὑμετέρης
1277 1792 1372 1870 πάσης
1391 1788 1421 1850 σ’

302 1882 428 1963 ἡγητορα
453 1883 547 1962 θησιο.
576 1885 629 1942 cfr.
655 1902 680 1943 v.
702 1892 785 1944 160«.
829 1884 968 1943 Probevit
992 1882 1131 1963 ὑμετέρης
1156 1888 1243 1944 etiam
1269 1886 1426 1945 Schneider

304 1995 333 2051 p.
347 1983 419 2036 436:
445 1992 527 2034 »num
542 1993 597 2048 qno
617 1976 681 2033 inre
695 1992 777 2033 suom
789 1975 860 2034 Iuno
881 1975 959 2034 dicet
971 1975 1070 2034 Asiam
1091 1978 1232 2034 nemiuem
1252 1985 1323 2049 puto
1345 1978 1426 2036 intel·

303 2072 444 2129 lecturum
460 2085 551 2128 essee.
582 2066 795 2146 οισιησηηήτορα
807 2068 847 2125 Μ.
864 2100 898 2108 -
914 2064 974 2125 150
989 2065 1107 2143 ἀθεριζε
1121 2087 1147 2124 τι
1161 2089 1216 2146 γαρ
1235 2068 1365 2146 πολέμιον
1379 2071 1428 2142 Μ;-

305 2181 348 2222 vv
365 2163 640 2224 150.151Petiam
660 2167 727 2235 post
747 2179 772 2219 v.
790 2169 843 2221 143
864 2161 989 2220 exhibet.
1019 2159 1129 2219 πολέων
1148 2179 1202 2235 pro
1214 2160 1345 2238 πολέμοιν
1360 2165 1425 2223 edd.

304 2256 456 2327 entiquee3
471 2260 657 2314 correxerunt
670 2243 772 2324 huon„
786 2253 937 2312 Brodeeus
952 2254 1029 2312 etSt
1017 2254 1220 2325 toe-ephonus
1234 2253 1336 2314 151’
1304 2276 1427 2332 κορανος

304 2347 445 2466 ἰφθίμοισι
459 2348 564 2419 καιΜ;
556 2346 768 2465 ουάπτολέμοισι
781 2347 898 2420 mech,
913 2346 1030 2423 ἷφίμοισι
1043 2347 1104 2418 AQ,
1120 2344 1285 2422 ἀπολέμοισι
1299 2349 1425 2421 NPRW,

305 2471 528 2548 ἀπολέμοισιὸ,
552 2471 778 2549 ἁπολέμοισιῩ,
803 2470 837 2530 οὐ
856 2472 1077 2549 πτολέμοισιθ;
1107 2470 1220 2531 κελεύοι
1239 2474 1313 2545 MQ.
1355 2475 1425 2533 Cum

306 2567 418 2639 priores
438 2568 613 2639 interpretes
633 2566 706 2626 haec
724 2567 767 2625 sio
790 2564 851 2624 iere
876 2568 1043 2625 vertissent:
1076 2582 1179 2638 »reges
1198 2564 1321 2625 fortibus
1342 2568 1425 2625 simol

307 2664 338 2717 et
355 2658 479 2716 imbellis
498 2658 673 2730 imperant«,
692 2662 772 2715 recte
791 2657 846 2716 hoc
864 2658 993 2731 Ineptum
1013 2673 1079 2717 esse
1099 2657 1172 2717 vidit
1191 2658 1302 2728 Iulien,
1322 2659 1370 2728 qui
1391 2674 1427 2716 ex

307 2749 435 2811 codicum
455 2751 585 2823 vestigiis
607 2748 746 2825 ἰφθίμοισι
765 2748 814 2806 καὶ
827 2746 860 2807 οὐ
873 2749 1018 2827 πολέμοισι
1032 2752 1215 2810 scribendum
1229 2767 1293 2810 esse
1308 2751 1427 2823 collegit

306 2849 346 2916 (p.
362 2845 410 2916 98)
432 2842 509 2915 quod
529 2859 594 2901 rer
613 2844 773 2902 strenuis
792 2859 857 2901 non
878 2843 985 2902 hellis
1005 2845 1161 2916 imperat
1179 2844 1275 2903 vertit.
1310 2844 1344 2901 In
1358 2859 1427 2902 ean·

308 2935 374 2993 dem
394 2935 567 2993 sententiam
586 2934 677 2994 multo
689 2934 792 2993 melius
804 2934 964 3007 disputavit
977 2935 1134 2994 Schneider
1147 2953 1177 3008 p.
1192 2937 1257 3007 437,
1279 2936 1329 3007 qui
1341 2951 1426 3009 prus

307 3030 393 3085 eunte
413 3025 531 3098 Ungero
552 3027 594 3095 (in
609 3028 692 3099 epist.
707 3029 771 3086 crit.
785 3028 824 3086 od
836 3028 871 3086 L.
884 3028 1067 3087 Krahnerum
1085 3047 1114 3102 p.
1127 3029 1236 3099 XVIII)
1258 3028 1308 3084 καὶ
1327 3025 1425 3086 edero

307 3115 415 3194 λέμοισι
435 3119 567 3190 coniecit,
587 3136 652 3178 nem
673 3126 761 3192 poete
782 3136 885 3191 »quum
905 3122 967 3194 regi
984 3122 1056 3179 nihil
1070 3137 1134 3180 esse
1148 3138 1211 3180 cum
1225 3121 1302 3180 bello
1317 3121 1425 3178 dicit..

306 3210 376 3273 nihi]
396 3208 466 3269 dicit
485 3211 541 3269 nIsi
560 3228 632 3284 opus
652 3229 709 3272 non
730 3229 794 3271 esse
813 3216 846 3270 ut
865 3214 929 3285 ipse
947 3230 1000 3272 rex
1019 3213 1097 3272 bella
1110 3219 1194 3286 gerat
1207 3220 1241 3272 ut
1254 3216 1304 3286 qui
1317 3214 1426 3272 habeat

305 3319 377 3375 quos
395 3303 511 3362 mittere
530 3303 623 3375 possit
642 3304 718 3363 viros
738 3302 829 3363 fortes
849 3309 879 3362 et
899 3304 1079 3364 bellicosos«.
1097 3288 1180 3376 'Ego
1199 3302 1320 3365 formam
1343 3302 1425 3363 εὐπο-

221 3452 226 3459 ,
306 3391 414 3464 λέμοισι
428 3396 562 3468 praetuli.
584 3427 621 3437 -
641 3393 701 3454 les
717 3393 770 3452 οὐκ
783 3395 839 3452 oisc
851 3397 896 3468 M3
917 3392 971 3454 οὐκ
983 3396 1039 3453 αἰεὶ
1052 3398 1135 3458 codd.
1150 3414 1248 3457 omnes
1263 3400 1364 3470 (etium
1376 3399 1424 3473 L),

305 3485 361 3544 nisi
385 3486 462 3558 qnod
482 3482 535 3544 οὑκ
555 3483 616 3544 αἰὲν
641 3485 709 3545 fort.
728 3487 769 3558 A3
794 3483 848 3543 οὐκ
872 3485 918 3544 ἀεὶ
943 3488 1008 3546 edd.
1034 3495 1101 3547 ante
1126 3489 1427 3563 Fulkenburgiumet

306 3579 497 3651 Stephanum3
511 3597 708 3656 αριστευοοσιν
721 3578 762 3636 Μ.
778 3612 813 3621 —
828 3579 865 3638 ed
879 3596 909 3640 v.
925 3578 981 3640 153
996 3598 1097 3640 manns
1111 3583 1205 3656 prima
1217 3583 1247 3640 in
1261 3583 1293 3641 M
1307 3584 1337 3640 in
1350 3599 1425 3643 mur-

306 3671 373 3743 gine
387 3672 521 3731 lincolam
536 3672 675 3745 appinxit
709 3668 916 3749 ὑποὺριστῆρες
928 3669 1028 3739 ἐνὺοος
1040 3675 1081 3732 Μ.
1102 3706 1140 3718 -
1161 3673 1220 3735 154
1240 3695 1317 3754 τοιην
1337 3696 1424 3752 κυρο-

306 3763 363 3839 νίην
381 3764 429 3835 Μ;
453 3761 650 3839 ποοτὺθρονος
670 3762 706 3837 0,
732 3763 948 3841 πρωτόθρονος
966 3765 1005 3837 Ρ;
1030 3763 1083 3844 ηρη
1102 3767 1149 3839 Μ;
1171 3800 1207 3808 -
1229 3766 1287 3827 155
1307 3765 1354 3845 ηδ’
1377 3768 1426 3839 Μ;

305 3851 350 3933 ηδ’
367 3855 474 3914 Pente
487 3872 571 3929 coru,
590 3851 636 3933 ἡδ’
653 3857 716 3915 rell.
731 3857 814 3917 codd.
828 3862 859 3916 et
879 3857 954 3929 edd,
976 3852 1038 3934 ἦθ’
1058 3874 1111 3932 ego
1132 3862 1249 3934 scripsi3
1269 3859 1369 3918 εαννὺν
1382 3860 1426 3932 Μ,

305 3942 389 4003 ἑανὸν
408 3947 689 4021 neuportum,
710 3944 795 4004 ἑανοῦ
813 3949 885 4008 coni.
900 3948 1059 4008 Schneider
1071 3969 1099 4023 p.
1114 3955 1169 4011 437
1189 3970 1255 4012 nom
1277 3953 1320 4012 osi
1339 3969 1423 4026 quem

304 4054 359 4110 ego
379 4039 408 4096 In
427 4039 473 4098 his
492 4040 579 4099 rebus
600 4056 714 4101 sensnm
732 4041 840 4114 haheo,
860 4047 926 4114 post
943 4039 1128 4117 βαθύκολπον
1148 4052 1236 4118 poeta
1256 4044 1361 4105 κόλπον
1382 4047 1427 4104 in·
