3208 4848
782 381 994 443 „94-

322 587 351 643 p.
363 575 419 628 253
431 564 591 645 σκυζομένη
602 567 631 623 in
646 562 812 642 κυσσαμένη
821 566 944 625 mutavit
957 570 988 624 55
1000 566 1092 625 locum
1104 566 1147 624 sic
1158 566 1327 640 explicavit:
1350 566 1447 639 »Hya-

323 662 414 721 cinthi
438 659 683 735 pulchritudinem
707 659 750 717 ita
775 658 994 717 admirabantur
1018 659 1185 732 Amyclaei,
1209 665 1253 718 ut
1274 675 1367 733 eu,
1389 676 1451 720 m
1536 696 1539 700 -

326 771 409 814 secus
424 770 459 813 ae
471 754 645 827 Apollinem,
665 752 765 812 Iovia
783 751 994 811 atlantem
1006 749 1124 811 filiurn
1143 757 1318 826 putarent
1344 754 1447 826 Itaque

323 846 464 927 ἀνήγαγεν
477 848 526 906 hic
538 842 725 922 55555*φᾶ
740 838 853 922 ἤγαγεν,
874 840 984 903 ἔτεκεν.
1013 845 1172 919 Participio
1193 845 1358 924 κυσσαμένη
1378 852 1447 920 apte

321 941 444 1000 adorna
461 945 507 1000 eat
527 939 640 999 dativus
663 936 728 1010 (Διΐ)
750 955 798 1011 ap.
818 938 901 998 Hom.
922 938 960 996 ad
986 935 1204 1016 ὑποκυσσαμένη
1230 939 1447 1012 subintelligen-

324 1034 388 1109 dud,
408 1035 442 1093 Il.
463 1033 484 1100 ζ
494 1041 539 1093 26.
562 1040 658 1092 5225.
680 1031 734 1091 Od.
755 1030 851 1091 λ235.
881 1032 964 1106 Hym.
984 1033 1097 1092 XXXII
1118 1039 1163 1091 15.
1193 1032 1320 1106 Simplex
1340 1052 1447 1090 κυσσα-

319 1127 392 1206 μένη
411 1128 468 1186 vid.
490 1144 535 1201 ap.
557 1127 627 1186 Hes.
647 1125 794 1197 Theogon.
817 1132 880 1184 125.
901 1131 966 1184 455.
1006 1125 1047 1184 Et
1071 1125 1113 1184 sio
1139 1122 1357 1202 δυοκυσσαυένη
1382 1142 1447 1186 oum

323 1222 382 1281 det.
404 1221 477 1278 dixit
491 1219 580 1292 Orph.
595 1218 665 1290 Arg.
689 1225 751 1277 189.
784 1217 938 1276 Caeterum
958 1235 974 1273 υ
994 1217 1116 1290 produci
1137 1224 1249 1277 natura
1262 1234 1316 1277 sua
1334 1219 1447 1292 Heynio

322 1315 393 1381 adl.
409 1314 494 1373 Hom.
507 1313 595 1385 prior.
610 1327 667 1371 non
681 1309 881 1369 crediderim«
912 1310 959 1368 Ad
972 1307 1019 1367 Διῒ
1030 1308 1174 1388 κυσαμένη
1194 1311 1333 1370 tuendum
1346 1314 1447 1371 melius

323 1406 455 1466 Graefius
477 1406 693 1480 provocavisset
719 1404 757 1463 ad
776 1404 878 1462 Asium
901 1401 936 1460 ir.
950 1404 969 1461 l.
984 1403 1030 1462 ed.
1050 1403 1146 1462 Dtlbn.
1167 1401 1239 1481 Ζηνί
1248 1423 1281 1461 τε
1302 1403 1451 1484 κυσαμένη

323 1499 373 1557 καὶ
389 1497 513 1557 Ἐπωπέι·
533 1497 642 1574 ποίμενι
666 1496 752 1555 λαῶν.
793 1493 901 1556 Graelii
925 1497 1134 1564 coniecturam,
1161 1511 1250 1568 quam
1272 1496 1449 1570 probaverat

324 1594 472 1653 Hermann
490 1609 520 1664 p.
537 1597 581 1662 18,
602 1589 714 1662 recepit
726 1587 828 1658 Lehra
843 1587 951 1646 rectius
965 1584 1110 1664 κυσαμένη
1124 1585 1261 1646 achma
1292 1589 1339 1647 Ad
1358 1592 1448 1650 totius

325 1689 382 1747 loci
400 1684 575 1744 sententiam
595 1687 693 1741 autem
713 1680 764 1739 eir.
785 1682 924 1755 imprimis
945 1698 969 1739 v.
985 1688 1041 1740 251
1061 1676 1154 1738 odrici
1164 1684 1241 1740 τοῖον
1255 1678 1368 1745 ἔτικτεν
1382 1678 1448 1762 ἐυή-
1565 1743 1567 1747 ,

319 1798 410 1858 ρατυν
431 1777 476 1836 υἷα
500 1776 608 1856 θυώνη,
633 1785 662 1837 55
681 1795 724 1838 vv.
743 1784 808 1836 252.
830 1784 887 1836 253
906 1773 957 1832 ml
974 1772 1006 1832 εἷ
1019 1773 1088 1840 Διός
1107 1770 1172 1832 ἐσσι
1192 1774 1338 1854 γενέθλης,
1359 1776 1449 1843 καλός

324 1872 373 1951 ἔην
394 1872 442 1929 καλ
462 1875 565 1937 κεῖνος.
591 1903 629 1916 -
657 1869 720 1929 245
744 1866 873 1945 ουιεδάη
892 1864 1008 1945 ζεφύρου
1027 1868 1074 1939 Μ;
1095 1865 1144 1924 καλ
1166 1874 1233 1941 post
1253 1867 1316 1945 ζεφ.
1337 1870 1449 1930 addunt

325 1967 409 2027 codd.
431 1966 502 2025 dett.
524 1981 623 2025 omnes
644 1969 677 2022 et
693 1963 804 2036 primae
825 1962 905 2034 edd,
929 1962 1099 2020 deleverunt
1117 1977 1217 2020 manus
1238 1965 1395 2021 correctrix
1419 1965 1449 2021 in
1481 2014 1485 2019 ,

324 2060 362 2133 0,
383 2061 563 2133 lacrymas,
584 2055 787 2129 Fallranburg,
806 2056 971 2128 Brodaeus,
996 2056 1173 2129 Stephanus,
1199 2056 1304 2115 Portus
1330 2063 1360 2115 et
1383 2058 1448 2116 rell.

324 2153 405 2225 edd.;
430 2151 566 2231 ζηλήμονι
588 2150 634 2225 Μ,
661 2150 861 2223 Falkenburg,
886 2150 1052 2218 Brodaens,
1079 2149 1233 2223 Stephon,
1257 2152 1449 2211 Neanderin

325 2264 419 2320 marg.
438 2251 469 2306 at
487 2247 550 2306 rell.
572 2244 637 2304 edd.
658 2250 778 2317 praeter
797 2244 926 2317 Portum,
953 2244 1002 2334 qui
1023 2242 1172 2323 ζηλήμονα,
1196 2245 1274 2317 qnod
1295 2251 1341 2304 est
1360 2247 1448 2304 etiam

281 2456 286 2469 ¹
322 2373 355 2433 m
377 2372 675 2445 5555555555,
702 2372 836 2443 rainae
862 2335 1002 2450 τηιημοὲι
1027 2372 1099 2463 uro
1126 2404 1161 2414 -
1183 2371 1248 2431 545
1269 2371 1303 2428 a
1322 2372 1363 2431 nr.
1403 2374 1449 2433 uo

325 2469 388 2540 quis
409 2465 580 2542 δοκρυόεντι
600 2482 652 2540 pro
678 2461 852 2541 δακρύσαντι
878 2465 1015 2538 coniciet,
1035 2465 1177 2525 Tournier
1196 2485 1225 2539 p.
1247 2474 1282 2527 31
1310 2473 1450 2542 provocat

323 2561 361 2620 ad
382 2561 526 2631 Nonnum,
547 2560 596 2630 qui
616 2558 700 2618 Dion.
721 2558 765 2615 ΙΠ
787 2566 936 2618 165-161
957 2560 1030 2619 haec
1050 2558 1086 2618 de
1107 2560 1286 2633 Hyacintho:

840 2672 933 2726 κεῖνον
952 2665 1153 2747 ἐπισπαιροντα
1173 2669 1252 2750 aar&

476 2759 597 2840 ὄμμασιν
617 2757 800 2819 ἀκλαύτοισιν
822 2759 889 2820 ἰδὼν
909 2762 927 2819 δ
932 2761 1088 2836 άκρυσεν
1105 2762 1251 2822 Ἀπόλλων.

321 2890 498 2971 χαριζομένη
523 2891 588 2950 edd.
614 2889 682 2949 inde
702 2908 721 2949 a
740 2891 875 2950 Bekkero
888 2907 933 2949 ,ox
950 2891 993 2964 M,
1013 2893 1062 2964 qui
1079 2893 1254 2970 χαριζομένη
1273 2894 1370 2953 habet
1394 2914 1450 2973 χα-

318 2980 460 3063 ρισαμένη
489 2984 664 3057 LPRSW,
692 2982 891 3062 γαρισσαμένη
921 2984 1041 3057 AGQN
1071 2991 1101 3044 et
1129 2985 1195 3044 odd.
1226 2992 1294 3046 aute
1323 2986 1450 3047 Bekker.

323 3110 360 3120 -
381 3095 424 3136 vv.
441 3080 496 3137 247
519 3094 610 3149 usque
630 3078 668 3136 ad
690 3084 745 3136 293
766 3079 795 3135 in
809 3077 847 3136 W
867 3093 943 3135 nunc
961 3077 1166 3137 desideruntur
1185 3081 1291 3140 amisso
1310 3079 1388 3140 folio.
1410 3112 1449 3123 -

322 3168 387 3229 247
408 3168 499 3235 ardor
517 3170 564 3242 Μ,
585 3167 725 3247 ανηεξησε
744 3170 786 3242 Μ,
807 3165 965 3247 ἀνηυέξησε
985 3170 1005 3230 S
1027 3178 1057 3230 et
1075 3188 1112 3230 m.
1134 3180 1149 3231 1
1171 3174 1201 3230 in
1220 3190 1311 3246 marg.
1330 3173 1364 3246 P,
1385 3168 1451 3250 ἀνη-

324 3262 425 3341 νέξησε
439 3263 478 3336 G3
500 3259 657 3341 όνηυέξησε
678 3264 766 3323 etiam
788 3262 853 3321 edd.
868 3268 937 3323 ante
950 3263 1089 3338 Lennep,
1110 3266 1159 3338 qui
1172 3267 1294 3326 mutavit
1307 3267 1450 3326 suadente

322 3359 411 3417 etiam
424 3357 574 3417 Dorvillio.
606 3350 744 3433 ἀνηύξησε
763 3356 853 3415 voluit
866 3356 1010 3416 Perdrier.
1031 3356 1224 3437 πάραιφασειη
1243 3360 1286 3429 Μ,
1306 3359 1450 3436 παράσφι·

322 3471 368 3510 σιν
389 3451 428 3523 Q3
454 3446 620 3514 όυτολλωνος
645 3449 692 3517 Μ,
720 3443 853 3505 ἀπόλλων
873 3450 912 3522 Q3
938 3482 972 3491 —
999 3466 1112 3509 versum
1139 3449 1202 3510 248
1227 3470 1282 3512 om.
1308 3452 1356 3522 M,
1382 3458 1450 3512 ante

323 3544 546 3620 praecedentem
578 3560 693 3602 versum
718 3545 874 3603 collocatus
900 3551 965 3604 erat
989 3546 1018 3603 in
1044 3545 1067 3606 G
1091 3552 1159 3605 ante
1185 3564 1274 3620 eorr.;
1305 3545 1452 3625 ἡβητῆρος

320 3639 491 3710 AGLNQ3
514 3671 550 3682 -
573 3636 636 3696 249
658 3636 712 3716 ήδη
731 3638 778 3710 Μ;
799 3637 833 3697 δὲ
854 3634 1075 3718 ἀγγειμιυροισιν
1094 3641 1136 3715 Μ,
1157 3642 1209 3701 sed
1229 3641 1269 3701 M.
1286 3650 1311 3701 1.
1332 3641 1399 3700 add.
1420 3641 1451 3697 in

200 3730 203 3735 ’
322 3746 427 3802 marga
452 3724 665 3808 ἀγχιδόμοισινς
685 3728 710 3787 δ’
731 3729 912 3809 ἄγγιδόμυισι
933 3733 968 3806 0,
993 3730 1018 3789 δ’
1043 3730 1110 3812 ἄγχι
1129 3732 1256 3810 δόμοισιν
1281 3734 1395 3793 LNPS
1420 3738 1451 3790 55

321 3822 390 3881 edd.
417 3839 515 3884 omnes
542 3831 609 3884 ante
629 3824 810 3896 Beklrerum3
831 3821 1035 3904 ἀγχιδόμοισιν,
1060 3827 1137 3898 quod
1156 3828 1186 3885 in
1205 3828 1268 3886 rell.
1289 3826 1373 3885 codd.
1395 3830 1450 3899 est,

321 3918 452 3989 exceptis
469 3916 593 3978 fortasse
609 3918 681 3991 GV,
701 3919 869 3978 coniectura
882 3919 992 3977 invenit
1004 3918 1133 3994 Lennep,
1148 3922 1197 3993 qui
1212 3927 1367 3994 praeterea
1380 3917 1451 3998 ἄγχι

323 4007 469 4086 δρόμοισιν
496 4012 620 4070 tentavit
647 4016 695 4070 »et
720 4012 762 4070 sic
787 4027 841 4084 per
867 4008 969 4088 δρόμοι
991 4012 1026 4088 in]
1044 4013 1150 4085 plurali
1173 4013 1378 4087 intelligendus
1405 4020 1452 4072 est

319 4100 432 4180 δρόμος
445 4104 523 4179 apud
537 4103 811 4179 Lacedaemonera
833 4121 918 4178 quem
935 4122 1025 4180 prope
1039 4106 1076 4166 ad
1090 4107 1217 4167 Menelai
1229 4109 1341 4181 regiam
1356 4105 1450 4166 luisse
