3208 4848
637 382 850 444 ...71-

179 582 267 637 ουτω
300 562 392 642 κακὴν
417 585 444 621 π.
467 563 601 643 γενέθλην
626 567 688 625 rell.
713 567 796 627 codd.
823 599 856 609 —
882 568 963 627 Nihil
990 569 1044 629 hoc
1068 586 1153 629 versu
1177 570 1305 643 putidius
1358 628 1361 634 .

180 659 248 732 fingi
270 676 355 732 posse
374 659 520 718 Hermann
541 660 715 718 contendens
736 679 763 734 p.
780 668 815 720 16
836 659 989 738 φοιταλέην
1009 660 1143 737 πολέμοιο
1164 682 1306 719 κακοπτο-

186 751 282 829 λέμοιο
304 750 440 830 γενέθλην
460 753 547 811 scribi
566 754 659 825 iussit,
680 753 756 825 quod
777 759 874 812 tamen
894 772 950 813 non
963 756 1075 828 recepit
1088 756 1191 827 Lehrs,
1211 772 1305 829 neque

180 846 338 905 Schneider
361 847 508 919 probavit,
541 847 591 927 qui
613 846 686 905 haec
711 864 739 920 p.
759 849 824 906 437.
850 854 921 906 438:
953 848 1023 906 »sed
1049 848 1152 906 vellem
1182 848 1305 907 dixisset

184 939 349 1014 [Hermann]
371 940 401 997 in
421 941 465 998 his
487 940 555 1011 quid
575 938 710 1016 γενέθλην
735 938 919 1012 significaret.
950 957 1016 999 nam
1036 942 1062 998 si
1082 942 1306 1013 genetricem

181 1034 241 1091 sive
262 1041 379 1093 ortum
401 1050 588 1092 causamve
609 1032 771 1106 significare
791 1034 895 1106 voluit,
921 1039 953 1090 ut
973 1033 1088 1091 videtur
1113 1034 1237 1093 voluisse
1258 1050 1306 1092 vo·

181 1127 355 1199 lueruntque
378 1127 504 1186 Colluthi
529 1128 704 1200 interpretes
726 1132 756 1184 et
776 1127 943 1199 Spitznerus
963 1126 1084 1184 Excurs.
1100 1126 1142 1184 IX
1163 1126 1199 1183 ad
1220 1125 1303 1184 iliad.

179 1236 207 1292 p.
221 1220 301 1290 XIV,
324 1238 387 1279 eam
407 1221 474 1279 huic
493 1222 557 1279 voci
577 1219 815 1293 significationem
829 1220 971 1291 attribuit,
993 1236 1067 1291 quae
1083 1225 1113 1278 et
1127 1221 1162 1278 ab
1177 1220 1302 1291 reliquo·

180 1331 243 1371 rum
263 1332 317 1372 usu
337 1320 488 1388 poetarum
510 1313 571 1385 (cfr.
593 1314 681 1388 Spita.
696 1315 715 1370 l.
729 1314 762 1384 l.)
783 1321 813 1370 et
834 1329 901 1371 vero
916 1330 933 1371 a
948 1313 1073 1371 Colluthi
1095 1312 1302 1371 consuetudine

180 1408 265 1481 plane
292 1409 460 1468 abhorreat:
487 1407 522 1467 cf.
544 1426 567 1465 v.
586 1414 610 1466 1.
632 1415 677 1467 2ο.
699 1414 762 1466 250.
785 1413 849 1466 268.
871 1413 936 1464 231.
964 1412 1028 1464 239.
1055 1413 1120 1465 353.
1148 1412 1213 1464 381.
1244 1405 1305 1463 vul-

181 1518 279 1574 garem
300 1513 397 1563 autem
417 1520 528 1576 usuque
549 1503 647 1561 tritam
667 1499 913 1574 significationem,
934 1517 1020 1572 quum
1040 1500 1087 1557 hic
1101 1501 1176 1557 tueri
1197 1517 1304 1573 neque-

182 1612 272 1669 amus,
292 1598 367 1655 hane
380 1597 476 1670 potius
491 1613 598 1667 vocem,
619 1612 704 1667 quam
718 1612 789 1666 quas
804 1595 984 1653 Hermannus
999 1593 1124 1652 correxit
1137 1601 1304 1669 corruptam

183 1689 355 1762 putabimus.
387 1706 422 1748 ac
441 1691 515 1747 viam
535 1695 677 1747 monstrat
697 1689 867 1746 emendandi
887 1690 951 1761 ipse
972 1687 1135 1762 colluthus,
1156 1689 1205 1762 qui
1225 1706 1250 1748 v.
1266 1696 1302 1749 62

182 1784 287 1841 malum
307 1784 386 1842 istud
411 1785 540 1858 appellat
561 1782 658 1859 μόθου
682 1783 887 1862 πρωτόσπορον
913 1782 1014 1864 ἀρχήν.
1045 1801 1111 1843 nam
1131 1790 1164 1844 ut
1182 1783 1304 1861 φυταλίη

179 1877 282 1936 alludit
302 1877 339 1936 ad
359 1877 564 1955 πρωτόσπορον
584 1879 670 1953 illud,
691 1881 733 1937 ita
754 1897 806 1954 pro
828 1878 948 1958 γενέθλη
970 1887 1155 1956 expectamus
1176 1880 1302 1951 aliquam

180 1992 279 2036 vocem
300 1992 375 2048 quae
396 1972 487 2054 ἀρχὴν
507 1974 659 2049 significet.
692 1993 754 2034 eam
776 1981 871 2034 autem
892 1977 961 2034 mihi
976 1975 1091 2048 quidem
1106 1973 1306 2048 suppeditavit
1371 2000 1374 2007 =

178 2071 297 2131 Nonnus
323 2069 407 2128 Dion.
428 2078 480 2144 23,
505 2079 562 2131 324
587 2068 746 2147 ῑνὸοφόνοιο
777 2068 938 2146 θεμείλια
969 2068 1169 2147 δηιοτῆτος.
1197 2067 1235 2125 id.
1256 2073 1303 2137 40,

179 2170 235 2221 254
256 2159 418 2241 ἑπταέτηρα
439 2162 602 2238 θεμείλια
621 2164 811 2241 δηιοτῆτος
831 2170 860 2222 et
880 2172 932 2236 43,
953 2172 970 2223 3
990 2161 1160 2239 πολέμοιο
1182 2156 1305 2234 θεμεί·

179 2258 236 2315 λια
256 2257 340 2337 πῆξεν
357 2254 453 2317 Ἐνυώ.
485 2276 569 2331 quern
590 2268 705 2318 secutus
726 2260 803 2317 haud
822 2264 991 2317 cunctanter
1005 2256 1145 2315 rescribo:
1166 2249 1303 2331 φυταλιὴν

177 2350 321 2428 πολέμοιο,
344 2354 456 2410 κακοῦ
473 2352 607 2430 πολέμοιο
623 2351 816 2429 θέμεθλυν,
837 2353 883 2409 cui
897 2353 992 2409 versui
1007 2352 1031 2409 si
1046 2350 1114 2422 quid
1128 2347 1303 2406 iudicabitur

181 2446 278 2504 inesse
298 2447 401 2520 putidi,
423 2447 605 2506 iudicandum
627 2454 671 2506 est
692 2449 780 2505 etiam
800 2448 895 2504 inesse
915 2447 972 2503 illis
984 2444 1080 2520 μόθου
1094 2441 1302 2520 πρωτόσπορον

178 2536 271 2615 ἀργήν
292 2542 413 2613 aliisque
434 2542 573 2614 plurimis,
594 2542 623 2599 in
644 2541 746 2614 quibus
765 2542 875 2614 placuit
889 2541 944 2599 sibi
957 2540 1105 2597 luxurians
1118 2538 1213 2597 Nodni
1227 2537 1303 2595 eius-

179 2648 235 2703 que
269 2635 445 2693 asseclarum
479 2636 632 2707 ingenium.
673 2641 802 2694 ceterum
830 2635 855 2692 si
885 2635 948 2706 quis
978 2639 1128 2706 praestare
1157 2633 1305 2706 putaverit

181 2723 320 2803 φυταλιὴν
333 2725 468 2803 πολέμοιο
483 2727 608 2806 κακήν,
629 2727 764 2804 πολέμοιο
783 2725 975 2802 θέρεθλον,
996 2729 1020 2785 is
1035 2727 1234 2784 admonendus
1248 2727 1304 2784 erit

180 2821 275 2892 legem
296 2837 360 2879 esse
380 2823 553 2882 rhetoricam
575 2830 607 2881 ut
620 2825 726 2881 iterato
741 2825 846 2881 nomini
860 2823 1060 2895 praedicatum
1074 2821 1226 2893 adiciatur,
1247 2835 1303 2891 quo

181 2930 233 2972 cur
253 2916 376 2973 iteretur
396 2910 538 2989 appareat
559 2917 725 2987 (Hermann.
747 2917 785 2974 ad
798 2918 908 2974 Mosch.
923 2934 951 2989 p.
967 2922 1034 2988 50)«
1057 2915 1224 2974 Schneideri
1238 2931 1303 2975 con·

181 3009 330 3081 iecturam,
350 3016 384 3067 ut
402 3026 457 3082 par
478 3015 550 3077 erat,
571 3012 676 3083 recepi.
691 3043 728 3052 -
749 3008 808 3069 1⁷0
828 3008 862 3067 ιλε
872 3010 962 3087 μηλον
976 3029 1086 3088 εγοοσα
1099 3027 1185 3088 τοοην
1199 3027 1304 3067 ανενει-

181 3156 254 3192 κατι
268 3136 314 3207 vu
336 3134 442 3213 ιοιιη
462 3137 609 3196 nouus>
629 3138 705 3211 Ara,
727 3102 812 3216 ιοῖιη
830 3139 864 3211 s,
885 3138 971 3215 ιοοη
992 3140 1080 3198 ettam
1100 3139 1137 3211 o,
1160 3139 1212 3198 seu
1231 3157 1252 3195 ι
1268 3155 1304 3197 ex

183 3235 349 3289 correctura
369 3234 415 3287 est
434 3246 452 3288 a
473 3232 634 3302 glossatore
654 3231 794 3305 prolecta.
812 3266 845 3274 —
868 3230 1025 3309 ἀνενηκατο
1045 3241 1112 3307 post
1124 3249 1197 3291 corr.
1213 3234 1251 3305 Q3
1265 3264 1303 3273 -

180 3319 234 3381 171
255 3319 308 3400 ἦρη
335 3341 535 3398 κερτυρεουσα
556 3331 586 3382 et
604 3326 781 3402 αντιάνειραν
802 3327 849 3399 Μ;
879 3361 910 3368 -
937 3326 995 3386 1⁷2
1017 3325 1116 3395 ειξατέ
1133 3328 1180 3400 M,
1205 3324 1302 3393 εἴξατο

179 3423 246 3475 ante
272 3433 344 3476 corr.
367 3416 403 3487 G,
431 3415 527 3484 εἴξατε
547 3419 587 3489 Q3
613 3419 667 3475 καί
685 3438 738 3493 pro
761 3441 811 3496 μοι
829 3421 869 3491 V3
894 3421 1028 3497 πολεμοιο
1053 3421 1098 3492 M,
1125 3417 1241 3495 πολέμοι
1262 3420 1301 3490 V3

180 3508 322 3586 συνήθεας
340 3511 381 3581 Μ,
405 3510 645 3588 ουνηθεεςοοιλό.
667 3514 738 3574 dett.
762 3521 791 3573 et
812 3515 878 3573 edd.
899 3531 1006 3587 omnes,
1028 3517 1074 3573 vix
1094 3518 1181 3573 recte.
1221 3510 1303 3570 πολέ-

176 3623 242 3675 μοιο
258 3602 398 3682 συνηθεες
412 3621 430 3662 a
439 3606 583 3679 prioribus
598 3608 804 3681 interpretibus
820 3609 926 3667 bellis
941 3605 1180 3667 adsuefactae
1194 3606 1302 3680 [bello

178 3695 412 3756 adsuefactae
433 3699 519 3756 etiam
539 3699 652 3773 Lehrs.]
671 3718 784 3760 versum
806 3719 871 3760 esse
891 3703 1068 3776 vituperavit
1080 3703 1173 3762 Inlien
1191 3722 1219 3778 p.
1236 3711 1302 3780 103,

178 3804 242 3846 cum
263 3790 309 3846 vix
328 3795 409 3848 recte
429 3790 512 3849 bellis
534 3792 704 3853 adsuefacta
723 3797 819 3854 vocari
839 3798 932 3869 possit
951 3797 1036 3869 Iuno,
1058 3813 1132 3869 quae
1152 3797 1237 3856 modo
1260 3798 1302 3855 ita

180 3897 278 3941 amare
298 3885 328 3940 in
347 3884 454 3943 bellum
476 3891 506 3943 et
526 3886 682 3946 bellatores
702 3890 817 3948 invecta
837 3896 908 3948 erat.
924 3919 927 3923 ·
941 3890 999 3949 Sed
1020 3891 1096 3961 quod
1116 3891 1208 3949 Iulien
1229 3891 1303 3951 alios

182 3982 299 4035 secutus
320 3976 443 4053 πόλεμον
463 3978 599 4039 hocloco
620 3983 707 4040 trium
728 3983 847 4042 dearum
868 3989 1014 4043 certarnen
1028 3968 1190 4056 significare
1203 3984 1302 4055 voluit,

178 4070 223 4127 vel
244 4067 384 4148 ουνηθεες
403 4072 534 4130 absolute
555 4076 624 4146 poni
649 4082 680 4134 et
705 4077 838 4153 πολέμοιο
864 4094 957 4150 aeque
983 4094 1018 4137 ac
1043 4077 1121 4156 νίκης
1145 4079 1183 4136 ad
1206 4074 1303 4145 εἴξατε
