3210 4836
715 443 927 519 ..14¹-

258 696 508 792 ΥΙΙΟΘΕΘΙΣ
530 695 626 791 Tol
655 696 767 790 ΠΕΡΙ
795 694 894 789 ΤΗΣ
923 693 1119 788 ΕΛΕΝΗΣ
1148 694 1391 792 liuilni.

347 847 508 924 Πολοόδος
518 847 726 934 Λοκοπολίτης
742 847 880 932 Θηβαῖος
895 845 1048 926 ἐποποιός,
1065 846 1202 928 γεγονὼς
1217 849 1296 909 κατὰ
1312 847 1393 911 Σού-

261 952 319 1015 δαν
342 951 390 1016 ἐπὶ
412 950 611 1015 Ἀναστασίου
632 949 791 1033 βασιλέως
805 954 869 1012 τῶν
879 944 1038 1033 Ῥωμαίων
1051 948 1133 1032 μετὰ
1149 946 1285 1035 Ζήνωνα
1300 949 1393 1029 βασι-

259 1054 430 1127 λεύσαντος
454 1056 514 1138 πρὸ
536 1052 705 1117 Ἰοοστίνοο
730 1055 783 1114 τοῦ
807 1050 895 1114 θείου
917 1048 1138 1114 Ἰοοστινιανοῦ
1160 1051 1215 1111 τοῦ
1240 1051 1392 1131 αὐτοκρά-

262 1177 368 1241 τορος,
392 1153 483 1230 οὗτος
506 1153 627 1239 ἔγραψε
648 1154 757 1239 μέτρῳ
774 1154 939 1239 διάφορα·
968 1151 1170 1216 Παλυδωνικὰ
1197 1150 1231 1216 ἐν
1258 1153 1393 1237 βιβλίοις

262 1259 311 1339 ἔξ,
336 1257 483 1343 Περσικά,
506 1258 611 1320 καὶτὸ
635 1258 736 1341 παρὸν
759 1256 874 1343 ποίημα
891 1253 1013 1341 Ἑλένης
1030 1252 1192 1343 Ἁρπαγην,
1215 1254 1233 1318 δ
1258 1254 1294 1319 ἐκ
1314 1256 1393 1322 lieo-

263 1365 364 1424 κανῶν
388 1365 440 1425 νῦν
463 1358 633 1447 ἀνεσώθη.
651 1350 780 1445 Τράφει
796 1362 850 1446 τὴν
874 1358 907 1423 έν
923 1361 969 1446 τῷ
985 1363 1038 1423 τοῦ
1054 1358 1185 1447 Πηλέως
1201 1359 1250 1421 καὶ
1266 1357 1391 1435 Θέτιδος

266 1464 356 1548 γάρῳ
386 1466 447 1527 τῶν
471 1460 556 1525 eleba
579 1463 773 1550 συναγωγήν,
796 1463 845 1524 καὶ
867 1459 932 1546 ἔριν
948 1463 1020 1546 περὶ
1036 1466 1088 1526 τοῦ
1103 1462 1256 1535 κάλλους·
1279 1462 1393 1548 ηκαΠγ
1477 1445 1479 1449 ¹
1502 1513 1505 1518 .

262 1564 386 1647 λαβέτω
410 1565 444 1628 τὸ
465 1565 575 1652 μῆλον,
598 1566 646 1627 καὶ
669 1566 715 1627 ὅτι
738 1565 755 1626 δ
779 1565 861 1639 Ζεὺς
884 1562 1023 1648 ἔπεμψεν
1043 1562 1158 1652 Ἑρμῆν
1186 1565 1267 1648 πρὸς
1292 1563 1393 1648 Πάριν

262 1669 423 1751 κρινοῦντα
453 1667 506 1739 τὰς
536 1665 628 1746 θεάς,
664 1668 713 1730 καὶ
742 1666 888 1731 δώσοντα
917 1669 954 1753 τῇ
982 1667 1185 1754 εὖειδεστέρᾳ
1221 1669 1255 1731 τὸ
1282 1667 1393 1754 μῆλον.

265 1767 395 1832 Πολλῶν
418 1767 455 1831 δὲ
470 1768 571 1850 λόγων
594 1770 643 1831 καὶ
665 1768 865 1857 ὑποσχέσεων
893 1769 1069 1853 γενομένων
1092 1769 1109 1833 δ
1131 1766 1238 1863 Πτέριᾶ
1254 1769 1394 1832 δέδωκεν

266 1867 428 1956 Ἀφροδίτῃ
463 1870 497 1931 ιδ
530 1871 629 1956 μῆλον
662 1870 712 1932 ἐπὶ
740 1870 907 1957 ὑποσχέσει
936 1871 1044 1953 λαβεῖν
1072 1874 1127 1958 τὴν
1149 1858 1283 1957 Ἑλένην
1305 1871 1322 1933 δ
1346 1870 1395 1933 καὶ

267 1971 386 2054 γε’γονε.
429 1969 572 2044 Πλεύσας
594 1971 655 2055 γὰρ
678 1971 721 2045 εἷς
744 1971 893 2059 Σπάρτην
916 1972 964 2035 καὶ
985 1975 1040 2059 τὴν
1059 1964 1183 2059 Ἑλένην
1205 1970 1395 2044 καταπείσας

267 2072 425 2161 ἀνήγαγεν
450 2074 494 2148 εἰς
518 2076 572 2162 τὴν
588 2068 683 2138 Ἴλιον
706 2075 932 2138 καταλιποῦσαν
959 2074 1008 2137 καὶ
1029 2074 1132 2158 ἄνδρα
1154 2076 1203 2138 καὶ
1224 2072 1395 2158 δογατέριι,

264 2177 312 2238 καὶ
335 2177 429 2243 οἰκίαν
451 2179 500 2241 καὶ
523 2180 622 2240 πάντα
646 2178 684 2240 τὰ
709 2177 775 2240 ἐκεῖ
795 2176 889 2262 ἔρωτι
913 2180 966 2240 τοῦ
987 2177 1173 2260 βαρβάρου.

238 2342 243 2349 ’
353 2346 484 2413 Haboni
505 2346 588 2412 hano
602 2347 701 2411 vitam
717 2344 877 2411 SPVW.
908 2345 1048 2410 Titulum
1071 2344 1147 2410 dedi
1169 2367 1209 2424 oz
1224 2345 1281 2421 W3
1305 2344 1396 2410 deest

265 2431 378 2506 titulus
409 2432 442 2496 in
465 2431 493 2494 V
518 2438 552 2496 ot
579 2431 676 2496 eliam
707 2430 740 2495 in
768 2433 794 2496 P
821 2451 861 2495 ex
891 2451 955 2514 quo
984 2430 1091 2496 Julian
1121 2430 1201 2497 falso
1233 2429 1395 2496 Κολούδοο

263 2511 387 2601 Ἑλένης
416 2519 541 2600 ἁρπαγή
569 2515 689 2580 attulit.
734 2515 772 2580 In
794 2517 816 2579 S
839 2515 951 2580 tibulus
980 2520 1029 2580 osb
1059 2515 1208 2591 ὑπόδεσις
1239 2520 1293 2580 τοῦ
1325 2518 1396 2600 περὶ

266 2605 321 2688 τῆς
344 2604 488 2688 ἁρπαγῆς
512 2606 566 2688 τῆς
588 2596 722 2685 Ἑλένης,
760 2601 931 2666 Caeterum
952 2600 1033 2664 haec
1054 2600 1122 2665 vita
1143 2602 1258 2683 prioris
1282 2599 1396 2665 funda-

266 2691 411 2749 mentum
429 2704 498 2749 osse
516 2685 594 2748 mihi
610 2683 744 2750 videtur.
778 2685 882 2749 Aliam
896 2684 1035 2749 colluthi
1051 2684 1276 2769 biographiam
1294 2683 1396 2748 conti·

266 2790 342 2834 nore
355 2769 471 2835 dicitur
482 2769 551 2834 cod.
565 2769 665 2834 Palat.
680 2772 742 2835 914
753 2770 786 2834 in
797 2769 1015 2834 Bibliothecae
1027 2769 1203 2835 Vaticanao
1218 2767 1395 2851 Catalogis;

267 2853 324 2919 sed
352 2854 453 2922 oodex
485 2855 545 2920 iste
578 2875 661 2920 saec.
685 2854 715 2919 X
742 2855 820 2918 nihil
848 2855 909 2919 nisi
942 2855 1101 2943 διηγήσεις
1135 2859 1188 2918 τοῦ
1221 2855 1297 2938 βίον
1332 2857 1394 2916 τῶν

267 2941 362 3022 ἁγίων
396 2939 540 3024 πατέρων
575 2940 704 3006 exhibet
736 2941 819 3004 inber
852 2960 932 3023 quas
958 2938 1012 3004 fol.
1037 2939 1266 3005 129b-135b
1295 2938 1396 3003 vitam

268 3025 402 3088 λωάννοο
419 3028 472 3088 τοῦ
488 3025 695 3104 λοιοπολίτοο,
720 3025 777 3107 qui
799 3024 874 3090 olim
894 3024 979 3089 fabri
994 3027 1098 3090 artem
1114 3044 1264 3090 exercens
1280 3027 1396 3108 postea

267 3107 364 3172 vitam
386 3108 419 3173 in
441 3108 667 3174 solitudinibus
690 3109 786 3193 degit.
835 3154 837 3157 ·
