3210 4836
663 421 878 484 ..51-

202 603 352 663 Excitavit
380 603 561 678 potissimum
593 602 669 662 hanc
698 604 728 660 in
759 602 854 665 animo
879 621 944 666 meo
969 605 1161 680 suspicionem
1185 613 1333 669 structure

204 698 293 771 paulo
311 698 493 772 redonnus
505 697 562 755 tria
576 696 725 756 minimum
739 699 855 758 nomina
868 697 1011 776 κοιρανίη,
1031 694 1120 778 ἔγχος
1140 706 1169 758 et
1187 700 1275 776 βέλος
1294 702 1331 761 ab

131 826 134 831 -
205 792 289 849 unico
310 785 418 862 έλκειν,
439 788 516 861 quod
537 789 584 848 vix
604 789 656 846 ulli
678 789 781 849 horum
801 796 881 848 recte
902 793 1061 863 conveniat,
1082 793 1218 865 pendent.
1260 794 1331 853 Cum

203 889 302 942 tamen
315 882 456 942 eiusmodi
470 887 637 941 structurae
652 887 713 940 tum
728 884 815 941 etiam
830 883 907 956 apud
921 884 994 943 alios
1008 891 1152 956 auctores,
1172 889 1232 945 tum
1254 888 1332 962 apud

204 978 298 1049 ipsum
323 981 453 1034 nostrum
478 981 594 1048 poetam
615 975 809 1048 inveniantur,
830 982 862 1034 nt
882 994 908 1035 v.
923 984 960 1036 34
980 974 1041 1042 οἷος
1065 967 1139 1036 δὀὐ
1159 977 1273 1058 κυνέην,
1298 978 1331 1038 οὖ

204 1067 283 1146 «λη’ων
303 1064 393 1147 ἔγχος
406 1065 521 1143 ἀείρων,
543 1069 567 1126 si
584 1069 630 1126 cni
644 1084 727 1127 secus
741 1068 882 1141 videatur,
903 1069 978 1129 hanc
991 1071 1185 1131 coniecturam
1197 1074 1228 1131 in
1247 1091 1331 1148 spon·
1368 1078 1374 1088 '

205 1165 283 1234 giam
308 1160 389 1219 abire
408 1158 494 1219 facile
514 1161 623 1233 patiar,
643 1176 697 1218 nec
717 1161 823 1220 invitus
844 1162 891 1220 ibo
912 1163 941 1219 in
964 1164 1137 1222 sententiam
1157 1165 1211 1224 riri
1230 1169 1332 1226 summi

204 1257 232 1316 ὖ.
247 1256 299 1314 Ph.
314 1254 468 1326 D’Orville‚
489 1255 539 1326 qui
557 1271 645 1327 super
658 1255 712 1313 hoc
731 1256 795 1314 loco
809 1256 885 1314 haec
905 1257 981 1314 inter
994 1258 1053 1315 alia
1066 1257 1172 1317 adme.
1203 1261 1331 1334 Versu,

205 1350 306 1422 inquit,
327 1355 361 1406 91
377 1364 445 1407 non
459 1349 570 1406 ausim
581 1354 720 1408 mutare
735 1343 864 1428 ἔγχος;
882 1349 992 1426 βέλος
1011 1348 1143 1425 ἕλκειν,
1164 1360 1202 1413 ut
1216 1352 1330 1432 ξίφος,

205 1448 304 1501 recte
325 1440 398 1497 dici
418 1440 570 1498 videtur.
611 1441 724 1501 Porro
744 1448 862 1502 notum
886 1448 953 1518 est,
973 1445 1140 1519 pluribus
1161 1447 1330 1506 snbstan-

204 1534 1330 1610 tivissubiiciverbnmnonstricte‚sedvicinoquodamsensn

204 1631 288 1689 istis
314 1627 669 1686 accommodandum«
710 1629 755 1688 De
776 1645 818 1687 ιι.
842 1637 887 1688 92.
909 1638 944 1690 93
970 1632 1043 1690 haec
1064 1632 1210 1691 Hermann
1235 1652 1263 1706 p.
1280 1642 1329 1694 13:

209 1742 281 1784 »non
302 1726 369 1781 sunt
388 1721 440 1779 illa
460 1720 576 1792 quidem
598 1722 639 1779 sic
659 1722 738 1781 dicta
765 1732 796 1780 ut
821 1723 905 1781 valde
930 1723 1104 1796 reprehendi
1128 1727 1253 1797 possint:
1278 1728 1330 1785 sed

203 1826 301 1877 tamen
320 1816 405 1874 huius
422 1820 520 1874 sectae
533 1821 622 1887 poeta
637 1817 786 1875 maluisset
807 1813 861 1873 οὐκ
880 1812 969 1895 ἔγχος
978 1815 1084 1895 Ἀρήιον
1098 1819 1234 1879 scribere.
1264 1821 1329 1881 Duo

205 1913 287 1974 codd.
308 1907 366 1968 οὐδ’
390 1905 480 1987 εὖχος
503 1910 662 1982 praebent,
690 1910 766 1969 unde
794 1912 858 1988 quis
883 1928 939 1971 non
964 1910 1049 1971 facile
1074 1913 1130 1972 sibi
1155 1914 1331 1988 persuadeat

207 2006 388 2066 scribendum
410 2020 487 2063 esse:
934 2001 967 2063 od
984 2004 1131 2083 βασιλήων

395 2096 541 2176 κοιρανίην
561 2094 621 2155 οὐδ’
645 2093 743 2177 εὖχος,
761 2093 865 2176 Ἀρήϊον
885 2095 918 2155 οὐ
935 2097 1025 2173 βέλος
1044 2094 1132 2156 ἕλκω.

205 2237 280 2295 Nam
294 2235 331 2294 ad
345 2229 435 2314 ἔγχος
457 2236 483 2293 si
496 2234 634 2293 adiicitur
650 2233 748 2310 βέλος,
769 2235 842 2292 nihil
861 2234 892 2293 id
912 2240 958 2294 est
976 2235 1033 2292 nisi
1053 2234 1130 2307 quod
1150 2214 1208 2293 iam
1222 2235 1330 2296 dictum

209 2334 286 2388 erat:
301 2345 401 2401 regum
417 2346 485 2389 vero
500 2329 556 2390 duo
570 2330 729 2402 praecipua
742 2335 818 2401 sunt,
832 2328 982 2402 imperinm
996 2332 1027 2385 et
1041 2327 1195 2400 dignitas«
1223 2328 1330 2389 Contra

207 2423 364 2483 Schneider
383 2440 411 2496 p.
427 2430 499 2494 4353
529 2422 601 2494 »Qui
623 2414 702 2479 ἕλκω
724 2423 812 2480 etiam
838 2421 875 2480 ad
903 2420 1045 2497 κοιρανίην
1070 2422 1148 2480 trahi
1173 2439 1257 2495 posse
1278 2441 1330 2497 pu·

207 2521 284 2590 tant,
314 2532 417 2576 vereor
443 2533 479 2575 ne
505 2516 665 2588 zeugmatis
689 2513 799 2588 figurae
824 2513 897 2574 fines
920 2515 1010 2574 mnlto
1033 2514 1122 2573 latins
1147 2521 1250 2589 patere
1274 2517 1330 2576 sibi

208 2611 405 2683 persuadeant
432 2628 517 2684 quam
543 2610 622 2670 credi
647 2622 704 2683 par·
729 2616 782 2670 est.
813 2608 946 2682 equidem
974 2605 1144 2682 putaverim*
1167 2608 1329 2674 Oolluthum

123 2700 127 2703 ⁵
206 2705 365 2778 scripsisse
383 2701 416 2761 οὐ
434 2699 581 2779 βασιλεύω
602 2702 753 2782 κοιρανίην.
773 2718 840 2762 nam
859 2702 969 2776 figuras
990 2704 1214 2777 etymologicus,
1244 2722 1329 2778 quam

205 2797 368 2857 Lobeckius
390 2797 470 2872 dicit,
492 2799 587 2857 locum
607 2798 654 2857 hic
673 2814 738 2857 esse
758 2799 800 2857 ita
819 2804 853 2856 ut
866 2796 1041 2857 adiectivnm
1060 2792 1155 2857 omitti
1173 2800 1282 2873 possit*
1294 2819 1328 2864 eo

205 2898 290 2966 patet
311 2892 388 2964 quod
411 2889 574 2967 deoderico
593 2891 709 2965 quidem
734 2891 792 2950 dici
815 2895 914 2965 potest
932 2890 1030 2948 Venus
1050 2894 1096 2960 <nt
1111 2888 1246 2966 βασίλεια
1264 2893 1329 2955 eum

205 2985 276 3045 anti
297 2985 395 3058 audit,
424 2992 485 3044 tem
506 2986 583 3060 apud
603 2987 697 3060 ipsum
718 2983 1138 3057 cenomanensium
1155 2991 1256 3060 potest
1271 2990 1329 3052 dici

204 3080 313 3139 habere
332 3079 484 3156 κοιρανίην,
508 3086 542 3137 nt
561 3080 657 3153 potnit
674 3080 757 3139 June
771 3085 858 3139 ass.
878 3079 1012 3137 nimnnnr
1030 3079 1148 3139 verbnm
1165 3079 1329 3156 βοαιλαῦειν

205 3174 293 3246 paulo
314 3174 446 3233 latiorem
467 3173 559 3233 habet
578 3173 716 3232 ambitum
737 3190 827 3246 qnam·
843 3173 994 3251 κοιρανίης
1011 3179 1044 3232 nt
1064 3174 1208 3234 adiectivc
1228 3177 1327 3241 addito

204 3283 262 3328 non
280 3285 353 3342 opus
375 3269 423 3326 sit
464 3265 523 3327 cn.
545 3267 672 3327 Lobeck.
692 3268 819 3341 Paralip
846 3275 954 3341 patos.
995 3267 1053 3327 Sed
1078 3263 1169 3346 ἔγχος
1191 3284 1248 3329 ncn
1267 3289 1328 3333 mus

204 3363 326 3421 taverim
353 3378 416 3420 cum
436 3361 610 3433 Hermanno,
625 3363 686 3445 >qni
711 3361 823 3421 dnobus
849 3361 997 3421 codicibus
1023 3362 1116 3433 iisque
1135 3377 1193 3421 nan
1211 3365 1327 3438 optimis

203 3454 358 3514 obsecutus
382 3454 592 3514 commendavit
620 3450 680 3511 οὐδ’
705 3450 809 3534 εὖχος,
832 3452 934 3533 imissa
956 3451 993 3512 αὖ
1015 3453 1106 3528 βέλος
1134 3450 1236 3530 idaeis
1259 3476 1326 3518 nam

204 3541 339 3626 ἔγχος-ολ
365 3549 511 3609 adicietur
528 3545 635 3622 βέλος,
661 3548 733 3606 ntnit
758 3549 793 3606 idv
815 3558 880 3608 esse
903 3550 960 3607 nisi
979 3547 1132 3619 quodiam
1152 3546 1261 3609 (11911111
1279 3554 1326 3612 sit.

205 3655 272 3698 num
289 3639 379 3715 βέλος
391 3643 421 3700 in
435 3658 471 3701 ea
483 3643 633 3705 locutione
647 3642 785 3714 sagittam
799 3641 947 3716 significat«
962 3638 1061 3711 (τόξον
1079 3659 1104 3701 r.
1120 3645 1170 3714 ssi
1189 3650 1222 3702 ut
1241 3643 1328 3708 docet

204 3733 297 3794 Noun.
318 3736 436 3808 Dionys.
459 3743 506 3810 15,
530 3742 596 3795 isti.
619 3741 663 3808 16,
685 3742 712 3792 9.
734 3736 779 3809 lt,
803 3742 866 3794 109.
888 3743 934 3809 28,
956 3740 1021 3810 nm,
1042 3742 1260 3808 99999164.
1280 3744 1327 3810 st,

206 3831 270 3889 ⁷32.
296 3838 346 3904 39,
363 3837 429 3891 tas.
454 3838 500 3904 40,
523 3829 650 3891 54991
669 3824 761 3907 ἔγχος
779 3836 884 3888 antam
902 3836 981 3889 recte
1007 3828 1111 3889 referri
1136 3824 1217 3887 ὖλκω
1242 3831 1327 3892 docet

203 3923 306 3998 Enrip.
331 3926 418 3987 Rhea
437 3928 506 3997 ⁴tis
538 3920 587 4002 dp?
611 3917 689 4002 ᾧπερ
718 3917 809 4002 ἔγχος
835 3922 982 3982 εἵλκυσται
1011 3921 1111 3981 τάδε(
1146 3922 1231 3998 Ego,
1261 3942 1326 3986 cunr

203 4017 272 4076 olim
296 4017 422 4078 offensus
449 4019 536 4078 etiarn
563 4018 711 4092 praesenti
738 4013 817 4075 ἕλκω
842 4022 909 4093 post
932 4015 1132 4091 imperfectum
1146 4010 1205 4097 ἓὖην
1223 4036 1325 4093 parum

204 4111 355 4185 eleganter
373 4114 484 4187 posito,
506 4108 586 4194 εἶχον
605 4129 659 4188 pro
680 4107 760 4170 ἕλκω
780 4129 880 4203 exau.
901 4118 947 4172 95.
968 4120 1004 4173 96
1025 4112 1226 4205 coniecissem,
1251 4130 1328 4174 nunc

832 4214 834 4217 ,
1060 4212 1064 4217 .
1090 4206 1123 4256 4*
1195 4210 1202 4217 .
