3210 4836
679 369 890 432 ..ςτ-

218 552 327 626 egerim
345 553 417 613 loco.
441 584 474 593 -
497 549 556 611 130
576 549 663 627 daupu
676 552 722 624 M3
742 571 873 628 πριαμοιο
887 552 934 624 Μ;
953 571 1118 628 παοακοιτιν
1133 553 1175 626 Μ,
1192 551 1346 628 aquintum

220 644 260 716 P;
279 662 380 704 versus
395 651 547 706 140-—143
564 646 729 717 omittitM3
752 678 785 688 -
809 644 870 704 140
892 644 1036 721 ἀτιμάσας
1056 646 1108 706 cL
1121 645 1346 719 nroswqm

221 738 293 795 dett.
309 737 438 808 amnesi)
457 740 499 793 la
518 738 664 809 Portus3
683 769 721 780 -
742 736 798 796 141
818 734 974 803 ἐπαινέσας
994 739 1094 811 swa,
1117 735 1298 806 ἐπαινεσειας
1309 740 1345 814 V,

222 828 419 897 ἐπαινέσσειας
432 835 459 904 ά,
479 828 660 910 ἐπαινήσειας
674 832 760 890 etiam
773 831 865 903 PQR3
878 863 916 875 —
930 829 990 890 142
1005 829 1042 889 σέ
1051 833 1146 904 NPb,
1166 831 1202 893 σὲ
1216 833 1268 905 W;
1289 853 1344 891 xes·

221 920 326 999 ρανέῃν
345 923 410 981 Pm.
420 930 444 995 1,
465 924 492 983 R
513 929 543 982 et
560 925 589 982 N
608 930 676 983 ante
696 940 778 996 corr,
796 923 834 982 W
853 928 919 995 post
939 940 1027 995 corr.;
1047 923 1096 979 καὶ
1117 923 1260 1001 πατρώϊον
1274 929 1345 1001 AQ3

223 1048 259 1056 -
282 1014 341 1074 144
358 1035 514 1093 μήποτεσοι
527 1017 574 1088 Μ;
594 1015 764 1092 ἐπιβρίσειεν
783 1033 819 1075 ex
835 1012 1012 1092 ἐπιβρύσειεν
1027 1017 1058 1090 O,
1085 1013 1346 1094 ἐπιβρισειενόὦρ,

223 1103 355 1182 ἐπιβρύεν
369 1109 447 1182 SW,
468 1107 591 1185 ἐπίβριεν
605 1110 678 1182 NR,
699 1105 831 1186 έπιβρυεν
844 1110 878 1181 V,
898 1105 1031 1185 ἐπιβρύεν
1052 1126 1087 1169 ex
1109 1105 1241 1186 ἐπιβρυεν
1255 1112 1294 1184 Ρ;
1309 1146 1343 1156 —-

224 1197 282 1258 145
301 1198 402 1257 πειθεο
423 1221 471 1257 και
490 1199 649 1271 πτολέμους
668 1219 700 1258 τε
720 1222 768 1258 και
787 1220 905 1278 ῃνορεῃν
925 1220 961 1259 σε
974 1202 1020 1274 Μ;
1041 1221 1073 1259 τε
1086 1220 1141 1263 om.
1157 1204 1188 1276 O,
1209 1204 1264 1262 καί
1278 1211 1345 1280 post

224 1308 258 1346 τε
278 1308 332 1349 em.
354 1292 382 1351 S.
408 1294 519 1351 »Nonni
539 1301 713 1353 sectatorum
732 1295 814 1352 stilus
835 1294 921 1353 scribi
940 1295 1038 1354 iubet«
1061 1314 1095 1352 σε
1114 1313 1167 1369 pro
1188 1316 1228 1369 τε,
1250 1299 1343 1358 iudice

222 1383 387 1442 Hermanno
410 1402 439 1457 p.
454 1393 503 1456 163
529 1392 560 1445 et
578 1392 693 1445 secutus
714 1393 759 1445 est
778 1387 880 1445 Lehrs.
903 1414 941 1431 ·-
962 1384 1022 1446 146
1043 1385 1157 1463 οιοημὲν
1177 1389 1224 1459 Μ;
1252 1386 1344 1466 bego

222 1479 333 1550 scripsi,
353 1475 371 1554 ἡ
392 1479 475 1537 codd.
489 1481 551 1538 rell,
567 1487 597 1540 et
614 1481 696 1553 cdd.;
716 1479 806 1560 αάήνῃ
820 1482 867 1553 Μ;
889 1514 923 1524 -
946 1481 1004 1541 147
1024 1478 1117 1539 τοιάδ’
1140 1480 1291 1560 ὑποβλίδῃν
1305 1484 1343 1556 Q?

223 1604 381 1683 οιομνῃορ
402 1605 448 1677 nm
469 1571 551 1663 σιεπέ
566 1608 599 1678 o,
614 1624 686 1666 corr.
702 1608 796 1679 gloss,
818 1603 915 1664 ἔννεπε
932 1608 971 1679 Ρ;
992 1641 1026 1649 -
1049 1606 1107 1666 sae
1127 1608 1155 1665 ει
1169 1628 1208 1685 με
1228 1615 1258 1668 a
1276 1629 1343 1684 ιρι

223 1715 402 1773 φερεστερον
423 1693 507 1773 ἔρνος
526 1696 656 1776 ὀπάσσῃς
675 1700 721 1772 Μ;
750 1695 834 1775 ἔρνος
852 1701 965 1772 qu3
990 1698 1024 1756 εἴ
1032 1720 1071 1775 με
1091 1698 1251 1777 διακρίνας,
1276 1721 1342 1779 προ-

222 1787 401 1866 φερέστερον
421 1785 510 1868 εὖχος
529 1788 659 1869 ὀπάσσῃς
677 1793 749 1851 coni.
771 1792 899 1850 Piersou.
918 1793 1050 1850 Verisim.
1071 1810 1099 1865 p.
1115 1795 1180 1865 251,
1201 1793 1342 1867 probante

222 1880 369 1938 Harlesio.
405 1880 530 1953 Comma,
552 1882 628 1953 quod
649 1883 734 1954 vulgo
753 1890 820 1955 post
839 1881 990 1960 διάκρινον
1010 1885 1169 1955 legebatur,
1190 1892 1257 1958 post
1275 1908 1342 1964 προ-

224 1970 401 2048 φερέστερον
422 1975 600 2046 transposuit
613 1991 630 2032 a
643 1975 765 2034 Lehrsio
786 1983 901 2036 secutus
915 1977 1062 2035 Hermann
1081 1995 1110 2051 p.
1126 1985 1171 2051 16,
1192 1982 1241 2052 qui
1261 1980 1343 2040 addit

225 2065 332 2124 »Immo
359 2064 388 2121 εἰ
407 2063 459 2140 μέ,
484 2067 615 2138 inquiant
639 2069 688 2140 qui
714 2069 791 2141 apud
816 2069 1045 2143 Trypbiodorum
1069 2087 1085 2129 e
1112 2089 1137 2129 v.
1152 2079 1207 2132 405
1229 2071 1269 2149 μὲ
1293 2072 1342 2130 καὶ

222 2153 324 2235 αὐτήν,
351 2157 466 2229 elinque
487 2158 556 2216 alibi
575 2160 680 2218 similia
698 2162 906 2235 procuderant,
935 2178 1009 2233 quae
1028 2163 1111 2222 nobis
1131 2181 1187 2223 non
1208 2166 1366 2225 videntur'

223 2267 355 2311 essenon
369 2255 533 2325 appetentis
547 2256 786 2314 soloecismorum,
805 2250 843 2312 Ἥ
849 2252 880 2331 μ’
899 2253 1019 2328 ἀνάειρ’,
1033 2250 1121 2331 ἢέῃὼ
1135 2254 1197 2313 σέι.
1219 2258 1341 2316 Secutus

223 2350 268 2403 est
293 2344 395 2403 Lehrs.
439 2347 594 2419 Vulgatem
621 2349 878 2421 interpunctionem
904 2348 952 2419 qui
978 2349 1093 2420 etipse
1117 2349 1249 2407 vitiosam
1276 2365 1340 2408 esse

222 2438 321 2511 sensit,
341 2439 463 2513 Lennep
483 2437 561 2505 εἶδος
580 2458 633 2514 pro
654 2435 738 2515 ἔρνος
757 2441 844 2499 scribi
862 2441 955 2509 iussit,
974 2440 1152 2513 improbatus
1167 2441 1204 2499 ab
1219 2442 1339 2515 Iuliano,

222 2531 272 2601 qui
292 2546 380 2603 aegre
400 2533 483 2603 tulit,
513 2533 590 2604 quod
614 2534 643 2590 in
663 2533 804 2606 Lennepii
828 2533 951 2594 lectione
975 2531 1052 2589 κατὰ
1075 2540 1143 2607 post
1166 2534 1339 2594 adiectivnm

225 2624 496 2698 subintelligendum
517 2633 574 2699 est,
600 2631 630 2684 et
649 2624 777 2704 ὀπάσσῃς
802 2627 863 2685 sine
882 2626 995 2685 obiecto
1015 2633 1160 2699 remanet3
1186 2634 1340 2701 practerea

221 2711 457 2796 προφερέστερον
476 2737 529 2793 pro
550 2719 684 2779 feminino
704 2721 828 2792 positum
849 2735 885 2777 ex
904 2719 1094 2792 Tryphiodori
1118 2721 1182 2779 loco
1202 2727 1258 2781 128
1278 2719 1339 2798 ήμῖν

226 2811 377 2890 θαλπωραὶ
394 2809 622 2889 προφερέστεροι
641 2807 711 2888 ἥπερ
731 2808 854 2876 ἐκείνοις
873 2812 1037 2870 illustravit.
1071 2811 1128 2871 Sed
1149 2811 1189 2870 ibi
1208 2829 1285 2871 nunc
1303 2829 1340 2871 ex

223 2904 416 2964 deterioribus
439 2907 509 2964 licet
532 2905 614 2964 libris
637 2903 866 2981 νφοφερέστεραι
887 2902 991 2962 editur.
1030 2903 1095 2975 Ego
1114 2909 1180 2976 post
1199 2904 1339 2981 προφερέ-

223 3015 327 3074 στερον
348 2998 405 3058 duo
424 2998 606 3057 hemistichia
625 2996 767 3056 excidisse
787 2994 954 3068 significavi,
973 3011 1049 3066 quae
1069 2996 1194 3067 suspicio
1208 3012 1243 3056 co
1255 3014 1338 3071 prae·

222 3091 322 3149 sertim
341 3089 485 3164 firmatur,
510 3091 587 3163 quod
606 3107 746 3163 nusquam
766 3084 849 3166 ἔρνος
868 3090 930 3148 sine
950 3088 1079 3162 epitheto
1099 3104 1152 3163 pro
1171 3090 1246 3151 melo
1266 3091 1339 3151 dixit

224 3180 380 3254 Golluthus,
401 3181 464 3254 (cfr.
478 3200 504 3242 v.
520 3192 566 3243 60.
580 3190 615 3242 61
637 3177 721 3259 ξονος
740 3179 855 3254 ἑλοῦσα,
877 3180 980 3259 Μῆλον,
1001 3189 1070 3239 etv.
1087 3189 1140 3242 131
1162 3181 1231 3239 τάδε
1240 3182 1338 3260 μῆλον,

220 3270 361 3354 ἐπήρατον
386 3271 481 3353 ξονος)
504 3281 534 3335 et
559 3276 635 3348 quod
659 3283 842 3335 versus130.
865 3282 919 3334 131
940 3275 978 3334 ad
1002 3274 1123 3334 eandem
1147 3276 1337 3347 suspicionem

220 3371 384 3428 necessario
403 3369 510 3428 ducere
528 3368 675 3428 videntur:

324 3485 410 3564 δεῦρο
430 3486 581 3563 διακρίνων
601 3484 893 3563 προφερέστερον
913 3482 1010 3549 εἶδος
1029 3481 1152 3562 ὀπωπῆς,

324 3579 498 3659 φαιδροτέρῃ
518 3577 603 3637 τάδε
619 3578 727 3657 μῆλον
747 3577 922 3657 ἐπήρατον
942 3573 1046 3653 ἔρνος
1065 3575 1230 3658 ὀπάσσῃς.

223 3704 357 3766 Getarum
376 3705 513 3773 ὀπάσσαις
531 3724 585 3782 pro
605 3704 735 3786 ὀπάσσῃς
753 3707 826 3765 coni.
848 3705 978 3766 Graefius
998 3725 1027 3780 p.
1043 3713 1099 3767 246
1121 3711 1172 3765 »ut
1191 3707 1283 3765 simile
1295 3708 1337 3765 vi·

222 3799 294 3858 tium
319 3801 472 3872 aliquoties
496 3802 527 3859 in
550 3803 651 3861 Nenno
677 3801 869 3861 sustulimus«.
898 3832 933 3842 -
963 3798 1022 3859 149
1042 3817 1135 3876 πασῃς
1153 3799 1200 3870 Μ;
1230 3796 1261 3855 α’
1280 3815 1334 3858 om.

222 3892 305 3952 codd.
327 3898 358 3951 st
377 3893 442 3952 edd.
463 3910 560 3954 omnes
581 3899 648 3953 ante
668 3893 828 3953 Lehrsium.
862 3893 979 3952 Etiam
998 3894 1118 3967 Lennep
1136 3894 1167 3950 in
1185 3893 1335 3973 animadv.

221 4001 250 4057 p.
267 3991 336 4046 101:
359 3987 489 4045 »omnino
504 3986 635 4045 voculam
648 3983 684 4044 σὲ
698 3985 858 4045 desiderari
876 3990 947 4058 poto
959 3984 1015 4045 hoc
1031 3984 1116 4044 modo
1129 3985 1336 4045 restituendam

220 4074 315 4155 πέσῃς
338 4075 478 4155 ἡμετέρῃς
497 4074 583 4154 Ἀσίῃς
601 4074 629 4134 σ’
653 4074 779 4155 ἡγήτορα
803 4075 895 4155 θήσω.
932 4077 997 4136 Nisi
1021 4078 1096 4135 enim
1120 4077 1193 4136 haec
1211 4077 1337 4136 addatur

1100 4170 1134 4222 51
